2828 4672
550 161 835 218 onmuucwmu.

231 330 294 398 gelu
364 331 479 398 ligatum
551 336 654 387 domini
722 339 801 388 iussu

145 430 191 475 cos.
206 415 309 481 forste
331 415 511 502 gefeterad,
536 418 577 484 be
600 421 693 485 fretu
715 422 810 499 haee,

244 542 284 591 ita
300 545 331 592 ut
348 543 428 594 nobis
447 559 555 595 manere
573 560 628 594 non
646 545 755 611 possint
771 546 861 611 campi
877 546 998 600 virentes

209 621 273 690 dact
316 626 355 692 bs
388 630 519 694 wunian
551 649 592 694 ne
624 629 693 694 mdt
726 651 861 718 wangas
883 633 984 719 grene

245 755 326 802 terras
369 759 468 804 ornatu
538 752 638 804 exinde
655 758 720 819 post
736 760 853 820 quatuor
869 761 963 809 noctes

207 833 326 902 foldan
345 835 498 902 fraetuwe.
542 835 622 902 Daes
644 836 722 924 ymb
745 839 865 907 feower
885 843 958 910 niht

330 961 465 1010 Martinus
510 958 601 1011 clarus
655 963 724 1013 obiit

205 1041 300 1109 batte
322 1041 489 1109 Martinus
512 1047 607 1111 mare
630 1046 797 1152 geleorde,

237 1169 279 1218 vir
313 1167 480 1219 macularum
499 1184 595 1234 expers
614 1170 745 1220 renotem
798 1172 878 1235 petiit

204 1273 271 1317 wer
313 1274 451 1316 wemma
495 1253 576 1328 lete,
599 1252 771 1317 wealdend
794 1254 897 1330 sohte,

221 1390 379 1440 superorum
397 1375 556 1440 angelorum
574 1374 715 1426 custodem
768 1376 867 1428 deinde
914 1382 978 1442 post
1034 1382 1095 1428 octo
1123 1358 1217 1428 noctes

136 1474 183 1518 ευ).
307 1460 455 1546 upcngla
584 1460 703 1525 weard.
748 1458 873 1526 Daenne
896 1459 989 1526 embe
1014 1462 1110 1527 eahta
1131 1463 1203 1526 niht

220 1589 248 1636 et
319 1588 437 1648 quatuor
495 1599 529 1634 ex
547 1599 579 1634 eo
633 1598 726 1634 osores

201 1668 267 1735 and
287 1667 462 1732 febwerum
483 1664 579 1730 beettc
601 1666 763 1752 fedgande

235 1791 422 1842 demerserunt
437 1788 467 1837 in
484 1788 567 1838 maris
585 1788 701 1840 fundum
718 1789 898 1840 victoriosum
916 1789 1006 1840 virum

199 1875 377 1939 besenctun
421 1895 464 1936 on
508 1873 661 1958 sagrund
703 1871 892 1960 sigefaestne
928 1895 997 1940 wer

215 2000 245 2049 in
262 1995 377 2063 pelagus
413 2008 512 2045 canum
530 2011 611 2061 quem
627 1997 683 2047 iam
699 1997 820 2047 virorum
856 1995 934 2047 multi

200 2105 244 2148 on
264 2080 368 2145 brimo
405 2079 521 2156 haran,
553 2077 594 2145 be
638 2082 673 2144 iu
694 2079 819 2146 beorna
839 2080 909 2145 fele

215 2205 381 2257 Clementem
400 2218 473 2268 saepe
498 2203 636 2255 advocant
653 2205 689 2256 ad
706 2203 939 2256 necessitudinem

200 2288 385 2356 Clementes
409 2287 457 2352 oft
491 2286 622 2374 elypia‘d
645 2290 678 2354 to
734 2287 855 2353 eemfe.

304 2419 331 2464 ct
366 2428 450 2464 exeo
485 2417 549 2477 post
584 2415 687 2476 septem
704 2417 799 2463 noctes
819 2411 917 2462 victori
937 2410 1046 2461 domino
1065 2407 1182 2459 dilectus

131 2517 177 2563 215.
280 2496 359 2561 And
380 2491 448 2590 bees
471 2494 563 2559 embe
585 2494 701 2559 seofcn
721 2497 802 2599 niht'
838 2496 1040 2580 sigedrihtne
1073 2493 1169 2579 l[e]of

215 2619 316 2671 nobilis
334 2618 457 2669 Andreas
476 2633 584 2668 sursum
602 2619 631 2667 in
649 2619 753 2668 aethera

199 2702 298 2771 aeoele
320 2701 473 2768 Andreas
505 2724 550 2788 up
597 2725 640 2766 on
661 2701 816 2767 roderum

218 2846 298 2881 suum
315 2828 441 2894 spiritum
458 2825 580 2877 reddidit
598 2826 627 2876 iu
662 2827 717 2878 Dei
752 2824 905 2876 custodiam

198 2917 251 2980 his
318 2915 393 3000 gast
437 2910 545 2998 ageas,
581 2934 623 2977 on
646 2911 750 2998 godes
772 2913 875 2988 ware,

216 3037 350 3087 festinans
368 3038 398 3087 iu
415 3035 610 3100 profectionem
646 3035 745 3085 deinde
781 3034 891 3100 populis
927 3034 1041 3085 adducit

196 3119 251 3184 fus
350 3140 393 3182 on
414 3117 571 3203 forbweg.
616 3117 742 3181 Daenue
763 3117 889 3183 solcum
910 3115 1030 3204 hringo

233 3243 292 3294 dies
311 3242 447 3294 crastinus
466 3242 501 3293 ad
519 3242 642 3293 homines
661 3258 782 3294 mensem
818 3243 854 3294 ad
871 3241 968 3294 villam

197 3351 335 3417 morgen
417 3327 451 3393 to
474 3351 628 3394 mannum
650 3325 768 3395 mdnab
812 3328 945 3395 totone

225 3453 405 3503 Decembrem
422 3454 562 3504 homiuum
597 3453 663 3503 filiis

131 3553 173 3598 220
197 3534 393 3602 Decembris
417 3536 527 3602 drihta
548 3535 710 3601 bearnum

225 3661 300 3727 prior
333 3656 400 3710 Jula
468 3658 534 3708 item
595 3659 658 3722 post
703 3658 765 3706 octo
820 3658 848 3706 et
883 3651 1030 3704 duodecim

196 3747 276 3811 terra
297 3741 322 3810 J
323 3743 387 3808 ula.
433 3739 562 3826 Swylce
584 3739 660 3825 ymb
684 3740 779 3805 eahta
801 3738 867 3805 and
890 3737 986 3804 twelf

230 3871 352 3920 noctium
371 3866 489 3934 spatium
508 3865 606 3917 exinde
625 3864 747 3916 salvator
777 3842 838 3930 ipse

196 3954 420 4041 nihtgerimes,
486 3948 582 4015 baette
604 3949 753 4036 nergend
774 3947 846 4034 sylf

249 4076 349 4128 audaci
472 4075 584 4128 Thomas
637 4073 750 4126 donavit

194 4158 438 4264 bristhydigum
459 4160 621 4232 Thomase
643 4155 779 4246 iorgeef

248 4288 281 4340 16
