<?xml version="1.0" encoding="UTF-8"?>
<!DOCTYPE html PUBLIC "-//W3C//DTD XHTML 1.0 Transitional//EN"
    "http://www.w3.org/TR/xhtml1/DTD/xhtml1-transitional.dtd">
<html xmlns="http://www.w3.org/1999/xhtml" xml:lang="en" lang="en">
 <head>
  <title>
</title>
<meta http-equiv="Content-Type" content="text/html;charset=utf-8" />
  <meta name='ocr-system' content='tesseract 3.04.00' />
  <meta name='ocr-capabilities' content='ocr_page ocr_carea ocr_par ocr_line ocrx_word'/>
</head>
<body>
  <div class='ocr_page' id='page_1' title='image "./calendcwideieme00unkngoog_0012.png"; bbox 0 0 2828 4672; ppageno 0'>
   <div class='ocr_carea' id='block_1_1' title="bbox 523 145 805 200">
    <p class='ocr_par' dir='ltr' id='par_1_1' title="bbox 523 145 805 200">
     <span class='ocr_line' id='line_1_1' title="bbox 523 145 805 200; baseline 0.004 -2"><span class='ocrx_word' id='word_1_1' title='bbox 523 145 805 200; x_wconf 79' lang='lat' dir='ltr'><strong>CALENDOWIDE.</strong></span> 
     </span>
    </p>
   </div>
   <div class='ocr_carea' id='block_1_2' title="bbox 182 320 998 598">
    <p class='ocr_par' dir='ltr' id='par_1_2' title="bbox 182 320 998 598">
     <span class='ocr_line' id='line_1_2' title="bbox 209 320 775 391; baseline -0.005 -16"><span class='ocrx_word' id='word_1_2' title='bbox 209 320 411 391; x_wconf 74' lang='lat' dir='ltr'><strong>poster-iusunic</strong></span> <span class='ocrx_word' id='word_1_3' title='bbox 428 325 509 373; x_wconf 90' lang='lat' dir='ltr'><strong>nocte</strong></span> <span class='ocrx_word' id='word_1_4' title='bbox 527 322 607 373; x_wconf 88' lang='lat' dir='ltr'><strong>nobis</strong></span> <span class='ocrx_word' id='word_1_5' title='bbox 626 321 661 371; x_wconf 89' lang='lat' dir='ltr'><strong>ad</strong></span> <span class='ocrx_word' id='word_1_6' title='bbox 680 320 775 372; x_wconf 83' lang='lat' dir='ltr'><strong>villam</strong></span> 
     </span>
     <span class='ocr_line' id='line_1_3' title="bbox 182 406 770 485; baseline -0.005 -11"><span class='ocrx_word' id='word_1_7' title='bbox 182 408 263 485; x_wconf 77' lang='lat' dir='ltr'><strong>uior¹</strong></span> <span class='ocrx_word' id='word_1_8' title='bbox 321 411 398 474; x_wconf 69' lang='lat' dir='ltr'><strong>anre</strong></span> <span class='ocrx_word' id='word_1_9' title='bbox 419 408 491 473; x_wconf 86' lang='lat' dir='ltr'><strong>niht</strong></span> <span class='ocrx_word' id='word_1_10' title='bbox 512 408 551 472; x_wconf 81' lang='lat' dir='ltr'><strong>bs</strong></span> <span class='ocrx_word' id='word_1_11' title='bbox 617 406 651 471; x_wconf 82' lang='lat' dir='ltr'><strong>to</strong></span> <span class='ocrx_word' id='word_1_12' title='bbox 673 407 770 482; x_wconf 84' lang='lat' dir='ltr'><strong>time3</strong></span> 
     </span>
     <span class='ocr_line' id='line_1_4' title="bbox 197 505 998 598; baseline -0.004 -15"><span class='ocrx_word' id='word_1_13' title='bbox 197 534 297 598; x_wconf 89' lang='lat' dir='ltr'><strong>pruina</strong></span> <span class='ocrx_word' id='word_1_14' title='bbox 331 537 442 583; x_wconf 89' lang='lat' dir='ltr'><strong>omatus</strong></span> <span class='ocrx_word' id='word_1_15' title='bbox 459 505 462 510; x_wconf 24' lang='grc' dir='ltr'>Ι</span> <span class='ocrx_word' id='word_1_16' title='bbox 479 547 541 582; x_wconf 91' lang='lat' dir='ltr'><strong>cum</strong></span> <span class='ocrx_word' id='word_1_17' title='bbox 559 530 722 598; x_wconf 77' lang='lat' dir='ltr'><strong>grandinum</strong></span> <span class='ocrx_word' id='word_1_18' title='bbox 739 531 871 580; x_wconf 83' lang='lat' dir='ltr'><strong>imbribus</strong></span> <span class='ocrx_word' id='word_1_19' title='bbox 889 530 998 580; x_wconf 86' lang='lat' dir='ltr'><strong>vehitur</strong></span> 
     </span>
    </p>
   </div>
   <div class='ocr_carea' id='block_1_3' title="bbox 133 612 981 705">
    <p class='ocr_par' dir='ltr' id='par_1_3' title="bbox 133 612 981 705">
     <span class='ocr_line' id='line_1_5' title="bbox 133 612 981 705; baseline 0.005 -29"><span class='ocrx_word' id='word_1_20' title='bbox 133 617 497 705; x_wconf 81' lang='lat' dir='ltr'><strong>35.hrimegehy1·sted</strong></span> <span class='ocrx_word' id='word_1_21' title='bbox 583 615 817 702; x_wconf 76' lang='lat' dir='ltr'><strong>hagolscitrum</strong></span> <span class='ocrx_word' id='word_1_22' title='bbox 902 612 981 680; x_wconf 75' lang='lat' dir='ltr'><strong>faert</strong></span> 
     </span>
    </p>
   </div>
   <div class='ocr_carea' id='block_1_4' title="bbox 217 739 802 807">
    <p class='ocr_par' dir='ltr' id='par_1_4' title="bbox 217 739 802 807">
     <span class='ocr_line' id='line_1_6' title="bbox 217 739 802 807; baseline -0.009 -14"><span class='ocrx_word' id='word_1_23' title='bbox 217 757 265 807; x_wconf 90' lang='lat' dir='ltr'><strong>per</strong></span> <span class='ocrx_word' id='word_1_24' title='bbox 404 741 496 792; x_wconf 86' lang='lat' dir='ltr'><strong>orbem</strong></span> <span class='ocrx_word' id='word_1_25' title='bbox 582 739 698 789; x_wconf 87' lang='lat' dir='ltr'><strong>Martius</strong></span> <span class='ocrx_word' id='word_1_26' title='bbox 726 739 802 789; x_wconf 83' lang='lat' dir='ltr'><strong>ferox</strong></span> 
     </span>
    </p>
   </div>
   <div class='ocr_carea' id='block_1_5' title="bbox 180 819 826 914">
    <p class='ocr_par' dir='ltr' id='par_1_5' title="bbox 180 819 826 914">
     <span class='ocr_line' id='line_1_7' title="bbox 180 819 826 914; baseline -0.005 -23"><span class='ocrx_word' id='word_1_27' title='bbox 180 826 291 914; x_wconf 87' lang='lat' dir='ltr'><strong>geond</strong></span> <span class='ocrx_word' id='word_1_28' title='bbox 312 823 553 912; x_wconf 83' lang='lat' dir='ltr'><strong>middangeard</strong></span> <span class='ocrx_word' id='word_1_29' title='bbox 574 821 715 889; x_wconf 84' lang='lat' dir='ltr'><strong>Martius</strong></span> <span class='ocrx_word' id='word_1_30' title='bbox 737 819 826 899; x_wconf 61' lang='lat' dir='ltr'><strong>rebe,</strong></span> 
     </span>
    </p>
   </div>
   <div class='ocr_carea' id='block_1_6' title="bbox 198 942 786 1015">
    <p class='ocr_par' dir='ltr' id='par_1_6' title="bbox 198 942 786 1015">
     <span class='ocr_line' id='line_1_8' title="bbox 198 942 786 1015; baseline -0.007 -15"><span class='ocrx_word' id='word_1_31' title='bbox 198 951 299 1001; x_wconf 79' lang='lat' dir='ltr'>mensis</span> <span class='ocrx_word' id='word_1_32' title='bbox 327 954 451 1015; x_wconf 85' lang='lat' dir='ltr'><strong>strepens</strong></span> <span class='ocrx_word' id='word_1_33' title='bbox 471 942 564 999; x_wconf 81' lang='lat' dir='ltr'><strong>&#39;atrox</strong></span> <span class='ocrx_word' id='word_1_34' title='bbox 598 951 656 998; x_wconf 92' lang='lat' dir='ltr'><strong>tum</strong></span> <span class='ocrx_word' id='word_1_35' title='bbox 675 950 786 998; x_wconf 88' lang='lat' dir='ltr'><strong>sanctus</strong></span> 
     </span>
    </p>
   </div>
   <div class='ocr_carea' id='block_1_7' title="bbox 181 1031 810 1120">
    <p class='ocr_par' dir='ltr' id='par_1_7' title="bbox 181 1031 810 1120">
     <span class='ocr_line' id='line_1_9' title="bbox 181 1031 810 1120; baseline -0.006 -20"><span class='ocrx_word' id='word_1_36' title='bbox 181 1033 299 1120; x_wconf 62' lang='lat' dir='ltr'><strong>Hlyda</strong></span> <span class='ocrx_word' id='word_1_37' title='bbox 343 1035 458 1100; x_wconf 76' lang='lat' dir='ltr'><strong>healic.</strong></span> <span class='ocrx_word' id='word_1_38' title='bbox 502 1033 630 1098; x_wconf 82' lang='lat' dir='ltr'><strong>Daenne</strong></span> <span class='ocrx_word' id='word_1_39' title='bbox 653 1054 687 1098; x_wconf 88' lang='lat' dir='ltr'><strong>se</strong></span> <span class='ocrx_word' id='word_1_40' title='bbox 709 1031 810 1119; x_wconf 76' lang='lat' dir='ltr'><strong>hblga</strong></span> 
     </span>
    </p>
   </div>
   <div class='ocr_carea' id='block_1_8' title="bbox 207 1156 923 1223">
    <p class='ocr_par' dir='ltr' id='par_1_8' title="bbox 207 1156 923 1223">
     <span class='ocr_line' id='line_1_10' title="bbox 207 1156 923 1223; baseline -0.003 -14"><span class='ocrx_word' id='word_1_41' title='bbox 207 1159 305 1209; x_wconf 83' lang='lat' dir='ltr'><strong>exinde</strong></span> <span class='ocrx_word' id='word_1_42' title='bbox 322 1163 386 1223; x_wconf 89' lang='lat' dir='ltr'><strong>post</strong></span> <span class='ocrx_word' id='word_1_43' title='bbox 402 1157 529 1208; x_wconf 82' lang='lat' dir='ltr'><strong>undecim</strong></span> <span class='ocrx_word' id='word_1_44' title='bbox 548 1162 643 1207; x_wconf 86' lang='lat' dir='ltr'><strong>noctes</strong></span> <span class='ocrx_word' id='word_1_45' title='bbox 662 1156 762 1206; x_wconf 87' lang='lat' dir='ltr'><strong>nobilis</strong></span> <span class='ocrx_word' id='word_1_46' title='bbox 781 1156 923 1207; x_wconf 78' lang='lat' dir='ltr'><strong>festinavit</strong></span> 
     </span>
    </p>
   </div>
   <div class='ocr_carea' id='block_1_9' title="bbox 179 1239 888 1326">
    <p class='ocr_par' dir='ltr' id='par_1_9' title="bbox 179 1239 888 1326">
     <span class='ocr_line' id='line_1_11' title="bbox 179 1239 888 1326; baseline 0 -19"><span class='ocrx_word' id='word_1_47' title='bbox 179 1240 245 1308; x_wconf 75' lang='lat' dir='ltr'><strong>baes</strong></span> <span class='ocrx_word' id='word_1_48' title='bbox 307 1241 379 1307; x_wconf 91' lang='lat' dir='ltr'><strong>emb</strong></span> <span class='ocrx_word' id='word_1_49' title='bbox 422 1241 487 1306; x_wconf 89' lang='lat' dir='ltr'><strong>XI·</strong></span> <span class='ocrx_word' id='word_1_50' title='bbox 551 1241 623 1306; x_wconf 86' lang='lat' dir='ltr'><strong>niht</strong></span> <span class='ocrx_word' id='word_1_51' title='bbox 645 1239 744 1307; x_wconf 74' lang='lat' dir='ltr'><strong>abele</strong></span> <span class='ocrx_word' id='word_1_52' title='bbox 767 1241 888 1326; x_wconf 85' lang='lat' dir='ltr'><strong>soynde</strong></span> 
     </span>
    </p>
   </div>
   <div class='ocr_carea' id='block_1_10' title="bbox 183 1365 725 1538">
    <p class='ocr_par' dir='ltr' id='par_1_10' title="bbox 183 1365 725 1538">
     <span class='ocr_line' id='line_1_12' title="bbox 217 1365 725 1432; baseline -0.002 -15"><span class='ocrx_word' id='word_1_53' title='bbox 217 1366 364 1432; x_wconf 81' lang='lat' dir='ltr'><strong>Gregorius</strong></span> <span class='ocrx_word' id='word_1_54' title='bbox 399 1368 429 1416; x_wconf 90' lang='lat' dir='ltr'><strong>in</strong></span> <span class='ocrx_word' id='word_1_55' title='bbox 464 1367 519 1416; x_wconf 86' lang='lat' dir='ltr'><strong>Dei</strong></span> <span class='ocrx_word' id='word_1_56' title='bbox 571 1365 725 1416; x_wconf 85' lang='lat' dir='ltr'><strong>custodiam</strong></span> 
     </span>
     <span class='ocr_line' id='line_1_13' title="bbox 183 1447 696 1538; baseline -0.006 -23"><span class='ocrx_word' id='word_1_57' title='bbox 183 1447 366 1537; x_wconf 84' lang='lat' dir='ltr'><strong>Gregorius</strong></span> <span class='ocrx_word' id='word_1_58' title='bbox 387 1453 423 1516; x_wconf 93' lang='lat' dir='ltr'><strong>in</strong></span> <span class='ocrx_word' id='word_1_59' title='bbox 445 1450 549 1538; x_wconf 86' lang='lat' dir='ltr'><strong>godes</strong></span> <span class='ocrx_word' id='word_1_60' title='bbox 592 1451 696 1526; x_wconf 73' lang='lat' dir='ltr'><strong>were,</strong></span> 
     </span>
    </p>
   </div>
   <div class='ocr_carea' id='block_1_11' title="bbox 131 1571 962 1745">
    <p class='ocr_par' dir='ltr' id='par_1_11' title="bbox 131 1571 962 1745">
     <span class='ocr_line' id='line_1_14' title="bbox 196 1571 962 1626; baseline -0.001 -1"><span class='ocrx_word' id='word_1_61' title='bbox 196 1574 304 1626; x_wconf 84' lang='lat' dir='ltr'><strong>celeber</strong></span> <span class='ocrx_word' id='word_1_62' title='bbox 320 1577 350 1625; x_wconf 91' lang='lat' dir='ltr'><strong>in</strong></span> <span class='ocrx_word' id='word_1_63' title='bbox 366 1576 511 1625; x_wconf 78' lang='lat' dir='ltr'><strong>Britannia</strong></span> <span class='ocrx_word' id='word_1_64' title='bbox 597 1575 662 1623; x_wconf 89' lang='lat' dir='ltr'><strong>item</strong></span> <span class='ocrx_word' id='word_1_65' title='bbox 732 1571 900 1624; x_wconf 81' lang='lat' dir='ltr'><strong>Benedictus</strong></span> <span class='ocrx_word' id='word_1_66' title='bbox 957 1578 962 1585; x_wconf 86' lang='grc'><em>“</em></span> 
     </span>
     <span class='ocr_line' id='line_1_15' title="bbox 131 1655 910 1745; baseline 0.005 -26"><span class='ocrx_word' id='word_1_67' title='bbox 131 1676 163 1719; x_wconf 72' lang='lat' dir='ltr'><strong>uo.</strong></span> <span class='ocrx_word' id='word_1_68' title='bbox 177 1659 287 1725; x_wconf 84' lang='lat' dir='ltr'><strong>breme</strong></span> <span class='ocrx_word' id='word_1_69' title='bbox 309 1662 343 1724; x_wconf 91' lang='lat' dir='ltr'><strong>in</strong></span> <span class='ocrx_word' id='word_1_70' title='bbox 364 1659 514 1745; x_wconf 83' lang='lat' dir='ltr'><strong>Brytene.</strong></span> <span class='ocrx_word' id='word_1_71' title='bbox 559 1655 687 1743; x_wconf 85' lang='lat' dir='ltr'><strong>Swylce</strong></span> <span class='ocrx_word' id='word_1_72' title='bbox 710 1657 910 1723; x_wconf 83' lang='lat' dir='ltr'><strong>Benedictus</strong></span> 
     </span>
    </p>
   </div>
   <div class='ocr_carea' id='block_1_12' title="bbox 181 1782 912 1956">
    <p class='ocr_par' dir='ltr' id='par_1_12' title="bbox 181 1782 912 1956">
     <span class='ocr_line' id='line_1_16' title="bbox 214 1782 905 1850; baseline -0.004 -14"><span class='ocrx_word' id='word_1_73' title='bbox 214 1789 278 1850; x_wconf 89' lang='lat' dir='ltr'><strong>post</strong></span> <span class='ocrx_word' id='word_1_74' title='bbox 294 1801 392 1835; x_wconf 79' lang='lat' dir='ltr'><strong>novem</strong></span> <span class='ocrx_word' id='word_1_75' title='bbox 409 1789 503 1835; x_wconf 86' lang='lat' dir='ltr'><strong>noctes</strong></span> <span class='ocrx_word' id='word_1_76' title='bbox 522 1800 606 1836; x_wconf 82' lang='lat' dir='ltr'><strong>exeo</strong></span> <span class='ocrx_word' id='word_1_77' title='bbox 625 1782 789 1832; x_wconf 86' lang='lat' dir='ltr'><strong>salvatorem</strong></span> <span class='ocrx_word' id='word_1_78' title='bbox 825 1783 905 1847; x_wconf 84' lang='lat' dir='ltr'><strong>petiit</strong></span> 
     </span>
     <span class='ocr_line' id='line_1_17' title="bbox 181 1867 912 1956; baseline -0.004 -22"><span class='ocrx_word' id='word_1_79' title='bbox 181 1869 272 1935; x_wconf 88' lang='lat' dir='ltr'><strong>embe</strong></span> <span class='ocrx_word' id='word_1_80' title='bbox 294 1872 396 1956; x_wconf 84' lang='lat' dir='ltr'><strong>nigon</strong></span> <span class='ocrx_word' id='word_1_81' title='bbox 417 1871 488 1936; x_wconf 89' lang='lat' dir='ltr'><strong>niht</strong></span> <span class='ocrx_word' id='word_1_82' title='bbox 537 1867 604 1934; x_wconf 69' lang='lat' dir='ltr'><strong>daea</strong></span> <span class='ocrx_word' id='word_1_83' title='bbox 627 1868 774 1955; x_wconf 85' lang='lat' dir='ltr'><strong>nergend</strong></span> <span class='ocrx_word' id='word_1_84' title='bbox 820 1868 912 1933; x_wconf 89' lang='lat' dir='ltr'><strong>sohte</strong></span> 
     </span>
    </p>
   </div>
   <div class='ocr_carea' id='block_1_13' title="bbox 215 1991 939 2057">
    <p class='ocr_par' dir='ltr' id='par_1_13' title="bbox 215 1991 939 2057">
     <span class='ocr_line' id='line_1_18' title="bbox 215 1991 939 2057; baseline -0.003 -13"><span class='ocrx_word' id='word_1_85' title='bbox 215 1994 292 2044; x_wconf 86' lang='lat' dir='ltr'><strong>fortis</strong></span> <span class='ocrx_word' id='word_1_86' title='bbox 312 2000 338 2044; x_wconf 90' lang='lat' dir='ltr'><strong>et</strong></span> <span class='ocrx_word' id='word_1_87' title='bbox 356 1995 446 2043; x_wconf 90' lang='lat' dir='ltr'><strong>animo</strong></span> <span class='ocrx_word' id='word_1_88' title='bbox 465 1997 594 2043; x_wconf 89' lang='lat' dir='ltr'><strong>constans</strong></span> <span class='ocrx_word' id='word_1_89' title='bbox 614 2008 694 2057; x_wconf 92' lang='lat' dir='ltr'><strong>quem</strong></span> <span class='ocrx_word' id='word_1_90' title='bbox 713 1991 851 2042; x_wconf 89' lang='lat' dir='ltr'><strong>celebrant</strong></span> <span class='ocrx_word' id='word_1_91' title='bbox 868 1993 939 2042; x_wconf 84' lang='lat' dir='ltr'><strong>bene</strong></span> 
     </span>
    </p>
   </div>
   <div class='ocr_carea' id='block_1_14' title="bbox 180 2072 950 2171">
    <p class='ocr_par' dir='ltr' id='par_1_14' title="bbox 180 2072 950 2171">
     <span class='ocr_line' id='line_1_19' title="bbox 180 2072 950 2171; baseline -0.004 -29"><span class='ocrx_word' id='word_1_92' title='bbox 180 2079 325 2171; x_wconf 51' lang='lat' dir='ltr'><strong>heard}</strong></span> <span class='ocrx_word' id='word_1_93' title='bbox 371 2079 576 2164; x_wconf 85' lang='lat' dir='ltr'><strong>higestrang,</strong></span> <span class='ocrx_word' id='word_1_94' title='bbox 619 2075 710 2142; x_wconf 75' lang='lat' dir='ltr'><strong>baene</strong></span> <span class='ocrx_word' id='word_1_95' title='bbox 753 2072 864 2140; x_wconf 72' lang='lat' dir='ltr'><strong>herinii</strong></span> <span class='ocrx_word' id='word_1_96' title='bbox 887 2075 950 2142; x_wconf 87' lang='lat' dir='ltr'><strong>wel</strong></span> 
     </span>
    </p>
   </div>
   <div class='ocr_carea' id='block_1_15' title="bbox 179 2200 865 2376">
    <p class='ocr_par' dir='ltr' id='par_1_15' title="bbox 179 2200 865 2376">
     <span class='ocr_line' id='line_1_20' title="bbox 214 2200 832 2267; baseline -0.003 -17"><span class='ocrx_word' id='word_1_97' title='bbox 214 2203 244 2251; x_wconf 90' lang='lat' dir='ltr'><strong>in</strong></span> <span class='ocrx_word' id='word_1_98' title='bbox 280 2203 390 2267; x_wconf 87' lang='lat' dir='ltr'><strong>scriptis</strong></span> <span class='ocrx_word' id='word_1_99' title='bbox 409 2203 547 2267; x_wconf 84' lang='lat' dir='ltr'><strong>sapientes</strong></span> <span class='ocrx_word' id='word_1_100' title='bbox 583 2200 697 2250; x_wconf 86' lang='lat' dir='ltr'><strong>rectoris</strong></span> <span class='ocrx_word' id='word_1_101' title='bbox 760 2201 832 2250; x_wconf 89' lang='lat' dir='ltr'><strong>servi</strong></span> 
     </span>
     <span class='ocr_line' id='line_1_21' title="bbox 179 2277 865 2376; baseline -0.006 -26"><span class='ocrx_word' id='word_1_102' title='bbox 179 2287 214 2350; x_wconf 91' lang='lat' dir='ltr'><strong>in</strong></span> <span class='ocrx_word' id='word_1_103' title='bbox 236 2287 406 2373; x_wconf 86' lang='lat' dir='ltr'><strong>gewritum</strong></span> <span class='ocrx_word' id='word_1_104' title='bbox 428 2287 506 2349; x_wconf 85' lang='lat' dir='ltr'><strong>wisc</strong></span> <span class='ocrx_word' id='word_1_105' title='bbox 528 2283 736 2349; x_wconf 79' lang='lat' dir='ltr'><strong>wealdendes</strong></span> <span class='ocrx_word' id='word_1_106' title='bbox 758 2277 865 2376; x_wconf 68' lang='lat' dir='ltr'><strong>bedu,</strong></span> 
     </span>
    </p>
   </div>
   <div class='ocr_carea' id='block_1_16' title="bbox 179 2407 1006 2580">
    <p class='ocr_par' dir='ltr' id='par_1_16' title="bbox 179 2407 1006 2580">
     <span class='ocr_line' id='line_1_22' title="bbox 215 2407 1006 2474; baseline -0.004 -15"><span class='ocrx_word' id='word_1_107' title='bbox 215 2411 268 2459; x_wconf 89' lang='lat' dir='ltr'><strong>viri</strong></span> <span class='ocrx_word' id='word_1_108' title='bbox 302 2407 399 2474; x_wconf 72' lang='lat' dir='ltr'><strong>regula</strong></span> <span class='ocrx_word' id='word_1_109' title='bbox 416 2410 541 2459; x_wconf 89' lang='lat' dir='ltr'><strong>obstricti</strong></span> <span class='ocrx_word' id='word_1_110' title='bbox 610 2410 650 2458; x_wconf 90' lang='lat' dir='ltr'><strong>ita</strong></span> <span class='ocrx_word' id='word_1_111' title='bbox 686 2409 768 2458; x_wconf 87' lang='lat' dir='ltr'><strong>etiam</strong></span> <span class='ocrx_word' id='word_1_112' title='bbox 786 2408 907 2472; x_wconf 89' lang='lat' dir='ltr'><strong>computi</strong></span> <span class='ocrx_word' id='word_1_113' title='bbox 924 2408 1006 2472; x_wconf 90' lang='lat' dir='ltr'><strong>periti</strong></span> 
     </span>
     <span class='ocr_line' id='line_1_23' title="bbox 179 2491 999 2580; baseline 0 -23"><span class='ocrx_word' id='word_1_114' title='bbox 179 2495 287 2558; x_wconf 84' lang='lat' dir='ltr'><strong>rincas</strong></span> <span class='ocrx_word' id='word_1_115' title='bbox 309 2492 505 2580; x_wconf 85' lang='lat' dir='ltr'><strong>regolfaeste.</strong></span> <span class='ocrx_word' id='word_1_116' title='bbox 551 2493 678 2578; x_wconf 84' lang='lat' dir='ltr'><strong>Swylce</strong></span> <span class='ocrx_word' id='word_1_117' title='bbox 701 2497 758 2557; x_wconf 73' lang='lat' dir='ltr'><strong>eisc</strong></span> <span class='ocrx_word' id='word_1_118' title='bbox 780 2491 999 2579; x_wconf 64' lang='lat' dir='ltr'><strong>rymoraeftige</strong></span> 
     </span>
    </p>
   </div>
   <div class='ocr_carea' id='block_1_17' title="bbox 127 2600 989 2683">
    <p class='ocr_par' dir='ltr' id='par_1_17' title="bbox 127 2600 989 2683">
     <span class='ocr_line' id='line_1_24' title="bbox 127 2600 989 2683; baseline 0.001 -17"><span class='ocrx_word' id='word_1_119' title='bbox 127 2600 135 2609; x_wconf 52' lang='lat'>⁵</span> <span class='ocrx_word' id='word_1_120' title='bbox 214 2616 265 2666; x_wconf 93' lang='lat' dir='ltr'><strong>hoc</strong></span> <span class='ocrx_word' id='word_1_121' title='bbox 284 2617 378 2668; x_wconf 89' lang='lat' dir='ltr'><strong>eodem</strong></span> <span class='ocrx_word' id='word_1_122' title='bbox 395 2622 516 2682; x_wconf 88' lang='lat' dir='ltr'><strong>tempore</strong></span> <span class='ocrx_word' id='word_1_123' title='bbox 533 2617 546 2668; x_wconf 82' lang='lat' dir='ltr'><strong>i</strong></span> <span class='ocrx_word' id='word_1_124' title='bbox 563 2619 633 2669; x_wconf 83' lang='lat' dir='ltr'><strong>festo</strong></span> <span class='ocrx_word' id='word_1_125' title='bbox 643 2617 839 2683; x_wconf 88' lang='lat' dir='ltr'><strong>aequinoctium</strong></span> <span class='ocrx_word' id='word_1_126' title='bbox 849 2616 989 2667; x_wconf 90' lang='lat' dir='ltr'><strong>celebrant</strong></span> 
     </span>
    </p>
   </div>
   <div class='ocr_carea' id='block_1_18' title="bbox 131 2697 976 2787">
    <p class='ocr_par' dir='ltr' id='par_1_18' title="bbox 131 2697 976 2787">
     <span class='ocr_line' id='line_1_25' title="bbox 131 2697 976 2787; baseline 0.006 -28"><span class='ocrx_word' id='word_1_127' title='bbox 131 2717 164 2761; x_wconf 84' lang='lat'><strong>45.</strong></span> <span class='ocrx_word' id='word_1_128' title='bbox 180 2725 223 2767; x_wconf 94' lang='lat' dir='ltr'><strong>on</strong></span> <span class='ocrx_word' id='word_1_129' title='bbox 244 2699 287 2768; x_wconf 70' lang='lat' dir='ltr'><strong>bd</strong></span> <span class='ocrx_word' id='word_1_130' title='bbox 308 2703 406 2787; x_wconf 84' lang='lat' dir='ltr'><strong>yloan</strong></span> <span class='ocrx_word' id='word_1_131' title='bbox 426 2697 427 2701; x_wconf 60' lang='grc'>’</span> <span class='ocrx_word' id='word_1_132' title='bbox 449 2702 509 2766; x_wconf 89' lang='lat' dir='ltr'><strong>tiid</strong></span> <span class='ocrx_word' id='word_1_133' title='bbox 662 2703 785 2766; x_wconf 87' lang='lat' dir='ltr'><strong>emniht</strong></span> <span class='ocrx_word' id='word_1_134' title='bbox 822 2697 976 2776; x_wconf 59' lang='lat' dir='ltr'><strong>healdafi,</strong></span> 
     </span>
    </p>
   </div>
   <div class='ocr_carea' id='block_1_19' title="bbox 216 2825 914 2891">
    <p class='ocr_par' dir='ltr' id='par_1_19' title="bbox 216 2825 914 2891">
     <span class='ocr_line' id='line_1_26' title="bbox 216 2825 914 2891; baseline 0.001 -16"><span class='ocrx_word' id='word_1_135' title='bbox 216 2825 289 2891; x_wconf 92' lang='lat' dir='ltr'><strong>quod</strong></span> <span class='ocrx_word' id='word_1_136' title='bbox 358 2829 448 2874; x_wconf 86' lang='lat' dir='ltr'><strong>rector</strong></span> <span class='ocrx_word' id='word_1_137' title='bbox 517 2826 595 2876; x_wconf 87' lang='lat' dir='ltr'><strong>Deus</strong></span> <span class='ocrx_word' id='word_1_138' title='bbox 631 2826 697 2876; x_wconf 83' lang='lat' dir='ltr'><strong>fecit</strong></span> <span class='ocrx_word' id='word_1_139' title='bbox 730 2828 760 2876; x_wconf 89' lang='lat' dir='ltr'><strong>in</strong></span> <span class='ocrx_word' id='word_1_140' title='bbox 778 2827 914 2891; x_wconf 86' lang='lat' dir='ltr'><strong>principio</strong></span> 
     </span>
    </p>
   </div>
   <div class='ocr_carea' id='block_1_20' title="bbox 178 2907 939 3005">
    <p class='ocr_par' dir='ltr' id='par_1_20' title="bbox 178 2907 939 3005">
     <span class='ocr_line' id='line_1_27' title="bbox 178 2907 939 3005; baseline 0 -31"><span class='ocrx_word' id='word_1_141' title='bbox 178 2907 299 3005; x_wconf 69' lang='lat' dir='ltr'><strong>forban</strong></span> <span class='ocrx_word' id='word_1_142' title='bbox 321 2908 493 2974; x_wconf 86' lang='lat' dir='ltr'><strong>wealdend</strong></span> <span class='ocrx_word' id='word_1_143' title='bbox 516 2909 585 2996; x_wconf 86' lang='lat' dir='ltr'><strong>god</strong></span> <span class='ocrx_word' id='word_1_144' title='bbox 605 2911 729 2975; x_wconf 87' lang='lat' dir='ltr'><strong>worhte</strong></span> <span class='ocrx_word' id='word_1_145' title='bbox 752 2919 792 2975; x_wconf 89' lang='lat' dir='ltr'><strong>aet</strong></span> <span class='ocrx_word' id='word_1_146' title='bbox 812 2907 939 2994; x_wconf 70' lang='lat' dir='ltr'><strong>frymbe</strong></span> 
     </span>
    </p>
   </div>
   <div class='ocr_carea' id='block_1_21' title="bbox 180 3033 880 3212">
    <p class='ocr_par' dir='ltr' id='par_1_21' title="bbox 180 3033 880 3212">
     <span class='ocr_line' id='line_1_28' title="bbox 214 3033 860 3099; baseline 0 -16"><span class='ocrx_word' id='word_1_147' title='bbox 214 3033 266 3084; x_wconf 92' lang='lat' dir='ltr'><strong>hoc</strong></span> <span class='ocrx_word' id='word_1_148' title='bbox 336 3034 397 3099; x_wconf 90' lang='lat' dir='ltr'><strong>ipso</strong></span> <span class='ocrx_word' id='word_1_149' title='bbox 469 3033 513 3083; x_wconf 90' lang='lat' dir='ltr'><strong>die</strong></span> <span class='ocrx_word' id='word_1_150' title='bbox 583 3034 669 3085; x_wconf 87' lang='lat' dir='ltr'><strong>solem</strong></span> <span class='ocrx_word' id='word_1_151' title='bbox 705 3039 733 3085; x_wconf 85' lang='lat' dir='ltr'><strong>et</strong></span> <span class='ocrx_word' id='word_1_152' title='bbox 766 3034 860 3084; x_wconf 88' lang='lat' dir='ltr'><strong>lunam</strong></span> 
     </span>
     <span class='ocr_line' id='line_1_29' title="bbox 180 3112 880 3212; baseline -0.001 -29"><span class='ocrx_word' id='word_1_153' title='bbox 180 3141 223 3183; x_wconf 92' lang='lat' dir='ltr'><strong>on</strong></span> <span class='ocrx_word' id='word_1_154' title='bbox 244 3112 290 3212; x_wconf 64' lang='lat' dir='ltr'><strong>by</strong></span> <span class='ocrx_word' id='word_1_155' title='bbox 313 3117 423 3202; x_wconf 82' lang='lat' dir='ltr'><strong>sylfan</strong></span> <span class='ocrx_word' id='word_1_156' title='bbox 446 3118 536 3205; x_wconf 86' lang='lat' dir='ltr'><strong>daege</strong></span> <span class='ocrx_word' id='word_1_157' title='bbox 559 3139 687 3183; x_wconf 86' lang='lat' dir='ltr'><strong>sunnan</strong></span> <span class='ocrx_word' id='word_1_158' title='bbox 707 3119 727 3210; x_wconf 55' lang='grc' dir='ltr'><strong><em>Ἰ</em></strong></span> <span class='ocrx_word' id='word_1_159' title='bbox 751 3118 880 3183; x_wconf 81' lang='lat' dir='ltr'><strong>mdnan.</strong></span> 
     </span>
    </p>
   </div>
   <div class='ocr_carea' id='block_1_22' title="bbox 179 3241 932 3406">
    <p class='ocr_par' dir='ltr' id='par_1_22' title="bbox 179 3241 932 3406">
     <span class='ocr_line' id='line_1_30' title="bbox 215 3241 881 3305; baseline -0.003 -14"><span class='ocrx_word' id='word_1_160' title='bbox 215 3257 249 3291; x_wconf 93' lang='lat' dir='ltr'><strong>en</strong></span> <span class='ocrx_word' id='word_1_161' title='bbox 319 3245 383 3305; x_wconf 84' lang='lat' dir='ltr'><strong>post</strong></span> <span class='ocrx_word' id='word_1_162' title='bbox 410 3245 527 3304; x_wconf 89' lang='lat' dir='ltr'><strong>quatuor</strong></span> <span class='ocrx_word' id='word_1_163' title='bbox 544 3246 639 3292; x_wconf 85' lang='lat' dir='ltr'><strong>noctes</strong></span> <span class='ocrx_word' id='word_1_164' title='bbox 657 3246 735 3305; x_wconf 87' lang='lat' dir='ltr'><strong>pater</strong></span> <span class='ocrx_word' id='word_1_165' title='bbox 805 3241 881 3290; x_wconf 88' lang='lat' dir='ltr'><strong>misit</strong></span> 
     </span>
     <span class='ocr_line' id='line_1_31' title="bbox 179 3320 932 3406; baseline 0 -19"><span class='ocrx_word' id='word_1_166' title='bbox 179 3323 297 3399; x_wconf 86' lang='lat' dir='ltr'><strong>Hwaet,</strong></span> <span class='ocrx_word' id='word_1_167' title='bbox 318 3320 395 3406; x_wconf 89' lang='lat' dir='ltr'><strong>ymb</strong></span> <span class='ocrx_word' id='word_1_168' title='bbox 418 3321 537 3385; x_wconf 75' lang='lat' dir='ltr'><strong>fedwer</strong></span> <span class='ocrx_word' id='word_1_169' title='bbox 557 3325 629 3388; x_wconf 88' lang='lat' dir='ltr'><strong>niht</strong></span> <span class='ocrx_word' id='word_1_170' title='bbox 653 3323 755 3388; x_wconf 82' lang='lat' dir='ltr'><strong>faeder</strong></span> <span class='ocrx_word' id='word_1_171' title='bbox 777 3324 932 3399; x_wconf 87' lang='lat' dir='ltr'><strong>onsende,</strong></span> 
     </span>
    </p>
   </div>
   <div class='ocr_carea' id='block_1_23' title="bbox 176 3446 793 3625">
    <p class='ocr_par' dir='ltr' id='par_1_23' title="bbox 176 3446 793 3625">
     <span class='ocr_line' id='line_1_32' title="bbox 214 3446 793 3512; baseline -0.002 -15"><span class='ocrx_word' id='word_1_172' title='bbox 214 3463 248 3498; x_wconf 83' lang='lat' dir='ltr'><strong>ex</strong></span> <span class='ocrx_word' id='word_1_173' title='bbox 266 3462 320 3512; x_wconf 91' lang='lat' dir='ltr'><strong>quo</strong></span> <span class='ocrx_word' id='word_1_174' title='bbox 339 3446 533 3511; x_wconf 89' lang='lat' dir='ltr'><strong>aequinoctium</strong></span> <span class='ocrx_word' id='word_1_175' title='bbox 550 3446 603 3495; x_wconf 84' lang='lat' dir='ltr'><strong>viri</strong></span> <span class='ocrx_word' id='word_1_176' title='bbox 621 3446 793 3498; x_wconf 86' lang='lat' dir='ltr'><strong>celebrarunt</strong></span> 
     </span>
     <span class='ocr_line' id='line_1_33' title="bbox 176 3525 781 3625; baseline -0.002 -28"><span class='ocrx_word' id='word_1_177' title='bbox 176 3528 242 3597; x_wconf 76' lang='lat' dir='ltr'><strong>oaes</strong></span> <span class='ocrx_word' id='word_1_178' title='bbox 265 3525 308 3625; x_wconf 68' lang='lat' dir='ltr'><strong>be</strong></span> <span class='ocrx_word' id='word_1_179' title='bbox 331 3531 473 3596; x_wconf 86' lang='lat' dir='ltr'><strong>omnihte</strong></span> <span class='ocrx_word' id='word_1_180' title='bbox 496 3531 604 3596; x_wconf 85' lang='lat' dir='ltr'><strong>eorlus</strong></span> <span class='ocrx_word' id='word_1_181' title='bbox 626 3527 781 3608; x_wconf 77' lang='lat' dir='ltr'><strong>healdab,</strong></span> 
     </span>
    </p>
   </div>
   <div class='ocr_carea' id='block_1_24' title="bbox 214 3654 871 3721">
    <p class='ocr_par' dir='ltr' id='par_1_24' title="bbox 214 3654 871 3721">
     <span class='ocr_line' id='line_1_34' title="bbox 214 3654 871 3721; baseline 0.002 -15"><span class='ocrx_word' id='word_1_182' title='bbox 214 3654 408 3721; x_wconf 84' lang='lat' dir='ltr'><strong>archangelum</strong></span> <span class='ocrx_word' id='word_1_183' title='bbox 427 3670 506 3705; x_wconf 91' lang='lat' dir='ltr'><strong>suum</strong></span> <span class='ocrx_word' id='word_1_184' title='bbox 525 3656 573 3721; x_wconf 93' lang='lat' dir='ltr'><strong>qui</strong></span> <span class='ocrx_word' id='word_1_185' title='bbox 591 3656 709 3707; x_wconf 85' lang='lat' dir='ltr'><strong>salutem</strong></span> <span class='ocrx_word' id='word_1_186' title='bbox 727 3657 871 3707; x_wconf 86' lang='lat' dir='ltr'><strong>nunciavit</strong></span> 
     </span>
    </p>
   </div>
   <div class='ocr_carea' id='block_1_25' title="bbox 129 3740 846 3827">
    <p class='ocr_par' dir='ltr' id='par_1_25' title="bbox 129 3740 846 3827">
     <span class='ocr_line' id='line_1_35' title="bbox 129 3740 846 3827; baseline 0.011 -29"><span class='ocrx_word' id='word_1_187' title='bbox 129 3755 161 3798; x_wconf 78' lang='lat' dir='ltr'><strong>so.</strong></span> <span class='ocrx_word' id='word_1_188' title='bbox 176 3740 360 3827; x_wconf 76' lang='lat' dir='ltr'><strong>heahengel</strong></span> <span class='ocrx_word' id='word_1_189' title='bbox 403 3741 466 3816; x_wconf 85' lang='lat' dir='ltr'><strong>hie,</strong></span> <span class='ocrx_word' id='word_1_190' title='bbox 533 3762 568 3804; x_wconf 85' lang='lat' dir='ltr'><strong>ee</strong></span> <span class='ocrx_word' id='word_1_191' title='bbox 611 3741 696 3806; x_wconf 72' lang='lat' dir='ltr'><strong>halo</strong></span> <span class='ocrx_word' id='word_1_192' title='bbox 740 3740 846 3807; x_wconf 72' lang='lat' dir='ltr'><strong>ib‘ead</strong></span> 
     </span>
    </p>
   </div>
   <div class='ocr_carea' id='block_1_26' title="bbox 180 3864 890 4044">
    <p class='ocr_par' dir='ltr' id='par_1_26' title="bbox 180 3864 890 4044">
     <span class='ocr_line' id='line_1_36' title="bbox 230 3864 855 3931; baseline 0.002 -18"><span class='ocrx_word' id='word_1_193' title='bbox 230 3865 326 3913; x_wconf 88' lang='lat' dir='ltr'><strong>Mariae</strong></span> <span class='ocrx_word' id='word_1_194' title='bbox 344 3879 471 3930; x_wconf 83' lang='lat' dir='ltr'><strong>magnam</strong></span> <span class='ocrx_word' id='word_1_195' title='bbox 481 3864 554 3931; x_wconf 92' lang='lat' dir='ltr'><strong>quod</strong></span> <span class='ocrx_word' id='word_1_196' title='bbox 564 3866 626 3930; x_wconf 83' lang='lat' dir='ltr'><strong>ipsa</strong></span> <span class='ocrx_word' id='word_1_197' title='bbox 654 3865 744 3915; x_wconf 88' lang='lat' dir='ltr'><strong>Deum</strong></span> <span class='ocrx_word' id='word_1_198' title='bbox 780 3868 855 3915; x_wconf 89' lang='lat' dir='ltr'><strong>esset</strong></span> 
     </span>
     <span class='ocr_line' id='line_1_37' title="bbox 180 3947 890 4044; baseline 0.003 -34"><span class='ocrx_word' id='word_1_199' title='bbox 180 3947 312 4012; x_wconf 83' lang='lat' dir='ltr'><strong>Marian</strong></span> <span class='ocrx_word' id='word_1_200' title='bbox 333 3948 449 4031; x_wconf 85' lang='lat' dir='ltr'><strong>myole,</strong></span> <span class='ocrx_word' id='word_1_201' title='bbox 470 3948 498 4044; x_wconf 59' lang='grc' dir='ltr'>ᾗ</span> <span class='ocrx_word' id='word_1_202' title='bbox 522 3949 583 4013; x_wconf 81' lang='lat' dir='ltr'><strong>heo</strong></span> <span class='ocrx_word' id='word_1_203' title='bbox 604 3950 737 4013; x_wconf 87' lang='lat' dir='ltr'><strong>meotod</strong></span> <span class='ocrx_word' id='word_1_204' title='bbox 759 3949 890 4014; x_wconf 89' lang='lat' dir='ltr'><strong>sceoldo</strong></span> 
     </span>
    </p>
   </div>
   <div class='ocr_carea' id='block_1_27' title="bbox 213 4070 1026 4137">
    <p class='ocr_par' dir='ltr' id='par_1_27' title="bbox 213 4070 1026 4137">
     <span class='ocr_line' id='line_1_38' title="bbox 213 4070 1026 4137; baseline 0.004 -18"><span class='ocrx_word' id='word_1_205' title='bbox 213 4070 336 4136; x_wconf 87' lang='lat' dir='ltr'><strong>paritura</strong></span> <span class='ocrx_word' id='word_1_206' title='bbox 353 4086 448 4135; x_wconf 83' lang='lat' dir='ltr'><strong>regum</strong></span> <span class='ocrx_word' id='word_1_207' title='bbox 466 4073 597 4137; x_wconf 89' lang='lat' dir='ltr'><strong>optimum</strong></span> <span class='ocrx_word' id='word_1_208' title='bbox 615 4074 687 4123; x_wconf 88' lang='lat' dir='ltr'><strong>siout</strong></span> <span class='ocrx_word' id='word_1_209' title='bbox 705 4073 735 4124; x_wconf 91' lang='lat' dir='ltr'><strong>id</strong></span> <span class='ocrx_word' id='word_1_210' title='bbox 753 4074 948 4123; x_wconf 90' lang='lat' dir='ltr'><strong>annunciatum</strong></span> <span class='ocrx_word' id='word_1_211' title='bbox 967 4076 1026 4122; x_wconf 88' lang='lat' dir='ltr'><strong>erat</strong></span> 
     </span>
    </p>
   </div>
   <div class='ocr_carea' id='block_1_28' title="bbox 180 4151 1047 4332">
    <p class='ocr_par' dir='ltr' id='par_1_28' title="bbox 180 4151 1047 4332">
     <span class='ocr_line' id='line_1_39' title="bbox 180 4151 1047 4251; baseline 0.002 -29"><span class='ocrx_word' id='word_1_212' title='bbox 180 4177 305 4222; x_wconf 89' lang='lat' dir='ltr'><strong>cennan</strong></span> <span class='ocrx_word' id='word_1_213' title='bbox 328 4155 469 4242; x_wconf 84' lang='lat' dir='ltr'><strong>cyninga</strong></span> <span class='ocrx_word' id='word_1_214' title='bbox 490 4155 587 4233; x_wconf 81' lang='lat' dir='ltr'><strong>beist,</strong></span> <span class='ocrx_word' id='word_1_215' title='bbox 610 4162 677 4225; x_wconf 78' lang='lat' dir='ltr'><strong>sut</strong></span> <span class='ocrx_word' id='word_1_216' title='bbox 698 4159 747 4224; x_wconf 91' lang='lat' dir='ltr'><strong>hit</strong></span> <span class='ocrx_word' id='word_1_217' title='bbox 768 4151 919 4251; x_wconf 59' lang='lat' dir='ltr'><strong>geoybed</strong></span> <span class='ocrx_word' id='word_1_218' title='bbox 941 4153 1047 4224; x_wconf 67' lang='lat' dir='ltr'><strong>weard</strong></span> 
     </span>
     <span class='ocr_line' id='line_1_40' title="bbox 232 4283 248 4332; baseline 0 0"><span class='ocrx_word' id='word_1_219' title='bbox 232 4283 248 4332; x_wconf 85' lang='grc'><strong>7</strong></span> 
     </span>
    </p>
   </div>
   <div class='ocr_carea' id='block_1_29' title="bbox 0 0 1418 4672">
    <p class='ocr_par' dir='ltr' id='par_1_29' title="bbox 0 0 1418 4672">
     <span class='ocr_line' id='line_1_41' title="bbox 0 0 1418 4672; baseline 0 1"><span class='ocrx_word' id='word_1_220' title='bbox 0 0 1418 4672; x_wconf 95' lang='lat' dir='ltr'><strong> </strong></span> 
     </span>
    </p>
   </div>
  </div>
 </body>
</html>
