2828 4672
527 175 811 232 cannnncwmn.

226 361 279 413 riri
329 372 391 410 cum
409 355 567 407 mulieribus
621 354 686 404 item
721 349 838 400 militum
854 349 954 399 festum

193 467 295 514 werae
317 443 386 508 mid
407 439 527 509 wtfum.
572 435 700 523 Swylce
721 438 851 523 wigena
871 434 944 511 tiid,

208 573 272 636 post
314 567 415 632 viginti
459 581 493 617 ex
511 579 541 614 eo
578 561 693 613 duorum
711 561 858 612 observant

192 649 269 738 ymb
290 651 426 737 twentig
459 644 539 743 baec,
571 647 697 733 twbgra
719 639 861 710 healdab

229 781 257 828 et
300 779 404 841 septem
488 775 582 822 noctes
634 767 692 820 unta
786 766 868 819 simul

196 860 261 927 and
304 859 420 926 seofon
462 856 591 921 nihtum
613 853 729 920 samod
751 853 921 940 aetgaedere

246 1000 302 1035 uno
373 982 418 1033 die
487 996 537 1031 nos
556 981 605 1031 hos
659 978 766 1029 nobiles

198 1091 241 1134 on
259 1055 347 1135 ¹tnnc
370 1067 450 1152 daeg.
494 1088 542 1132 we
563 1060 609 1160 ba
632 1059 811 1161 aebelingas

234 1191 299 1242 olim
334 1190 489 1255 accepimus
519 1192 572 1254 ¹dos
625 1186 772 1254 praestares

132 1293 177 1338 rso.
197 1276 275 1362 fyrn
297 1274 461 1363 gefrunon
480 1270 545 1338 taet
567 1271 610 1358 hy
631 1271 801 1338 foremmre

236 1402 374 1452 Simonem
392 1404 420 1450 et
436 1396 537 1450 dudam
574 1412 681 1462 semper
706 1398 793 1447 fuisse

198 1484 313 1550 Simon
356 1485 376 1576 Ἰ
422 1481 531 1547 Judas
555 1479 683 1563 symble
704 1482 822 1544 weron

237 1606 347 1657 domino
383 1619 460 1655 caros
480 1602 654 1670 quamobrem
671 1602 714 1652 illi
731 1605 894 1668 potestatem
913 1601 1002 1651 sortiti
1020 1605 1083 1651 sunt

203 1688 332 1754 drihtne
377 1687 466 1772 dyre,
511 1681 642 1782 forban
676 1687 711 1752 hi
766 1686 842 1750 dom
928 1685 1044 1750 hlutan

235 1813 344 1863 beatam
362 1812 551 1863 ascensionem
578 1815 606 1862 et
641 1809 738 1862 exinde
752 1809 884 1860 fructibus
904 1808 1016 1860 adducit

204 1896 342 1983 ebdigne
384 1917 512 1982 upwcg.
557 1892 637 1960 And
668 1889 737 1990 baes
760 1895 883 1960 ofetum
903 1892 1035 1984 bring'b,

241 2024 305 2086 post
331 2023 447 2085 quatuor
464 2023 558 2068 noctes
578 2016 679 2082 populo
717 2019 860 2070 abundans

207 2103 299 2168 embe
320 2103 440 2169 feower
472 2103 556 2177 niht,
579 2101 665 2167 soloe
688 2102 875 2188 genihtsum

223 2225 439 2277 immolationum
457 2225 558 2275 mensis
577 2224 606 2273 in
623 2223 718 2274 villam
752 2227 819 2277 viris
874 2225 910 2279 ad
926 2229 1030 2279 victum

142 2324 187 2372 195.
269 2305 464 2375 Blttmtnab
571 2332 614 2374 on
636 2311 694 2374 tun
716 2309 921 2377 beornumto
944 2316 1046 2390 wiste,

243 2434 397 2486 November
423 2433 563 2482 hominum
607 2431 672 2482 filiis

208 2514 416 2592 Nouembris,
450 2511 528 2580 niba
560 2513 717 2581 bearnum

253 2642 361 2708 copiam
379 2639 608 2708 quemadmodum
625 2641 717 2692 nullus
745 2639 816 2691 alius
840 2655 895 2691 non
919 2641 987 2692 facit

208 2725 412 2813 etdignessc,
457 2730 523 2792 ewb
632 2731 698 2793 nan
731 2720 813 2821 bber
843 2729 887 2791 nt
909 2722 972 2790 det

243 2852 346 2901 mensis
364 2851 494 2900 maiorem
511 2847 699 2900 misericordia
717 2850 819 2899 domini

209 2930 327 3001 mbnab
349 2939 476 3011 maran,
520 2935 629 2999 miltse
675 2933 830 2998 drihtnes.

244 3061 272 3108 et
306 3058 367 3123 ipso
385 3040 480 3108 eodem
508 3058 552 3110 die
587 3060 708 3111 omnium
743 3057 910 3108 celebramus

209 3137 288 3206 And
308 3139 352 3228 by
373 3143 470 3228 ylcan
493 3143 585 3231 daege
608 3145 700 3210 ealra
721 3165 770 3211 we
792 3139 934 3208 healdab

247 3269 402 3314 sanctorum
419 3267 595 3318 festivitatem
614 3282 707 3317 eorum
725 3269 772 3333 qui
789 3273 887 3334 postea
904 3268 948 3319 vel
967 3270 1049 3317 antea

146 3356 322 3414 consancta
430 3348 567 3436 symbol,
622 3349 704 3416 bara
731 3348 772 3415 be
816 3350 866 3418 stt
889 3348 971 3417 bb'de
993 3353 1037 3415 br

248 3473 352 3539 operati
362 3478 425 3525 sunt
442 3477 472 3525 in
508 3474 608 3525 mundo
644 3475 813 3526 voluntatem
848 3475 952 3527 domini

211 3559 361 3627 worhtan
426 3562 460 3625 in
481 3560 630 3626 worulde
663 3561 776 3627 willan
810 3559 965 3627 drihtnos.

249 3689 347 3750 postea
390 3683 486 3736 hiemis
506 3682 564 3737 dies
583 3684 597 3736 d
613 3690 720 3752 tempus
735 3686 795 3747 ‚late
813 3685 925 3738 advenit

214 3763 346 3854 Syttan
367 3770 499 3836 wintres
565 3771 642 3859 dag
705 3771 790 3837 wide
813 3768 943 3860 gangeb

248 3896 312 3958 post
330 3882 395 3943 sex'
413 3899 507 3946 noctes
526 3862 585 3948 sole
602 3894 776 3963 splendidum
794 3897 932 3962 captivum
951 3897 1027 3948 ducit

215 3997 259 4042 on
280 3997 341 4062 syx
361 3977 498 4058 nihtum,
544 3979 788 4069 sigolbeorhtno
832 3977 961 4068 genimb

248 4106 409 4155 autumnum
426 4119 488 4156 cum
507 4105 627 4157 exercitu
644 4107 750 4172 pruinae
777 4109 804 4157 et
838 4106 910 4156 nivis

212 4187 345 4255 herfest
398 4189 467 4258 mid
499 4189 611 4280 herige
633 4191 794 4284 hrtmes]
820 4195 945 4257 sntwes

264 4316 300 4370 m
