2828 4672
560 161 845 219 GALENDOWIDE.

305 323 310 331 ⁵
326 333 388 384 dein
424 335 520 386 exinde
537 341 601 402 post
619 338 739 402 quinque
757 343 851 390 nostes
867 340 1053 406 pulcherrima
1069 346 1208 412 virginum

306 415 424 484 Swilee
446 414 514 512 bees
535 420 611 505 ymb
661 420 707 486 fif
758 425 830 488 niht
871 425 1027 514 fregerust
1048 428 1185 518 maegda,

238 541 400 593 feminarum
418 543 506 609 gloria
522 546 603 609 petiit
619 547 787 598 exercituum
803 549 894 600 Deum

221 625 299 692 wisa
363 628 503 706 wuldor,
526 631 619 696 sohte
639 633 772 698 werede
815 635 884 721 god

257 755 368 816 propter
385 751 436 802 filii
454 768 572 803 amorem
589 754 769 806 victoriosum
786 754 957 808 domicilium

158 848 203 895 1⁵0.
230 831 285 898 for
327 857 410 902 suna
432 835 524 902 sibbe
569 837 754 926 sigefaestne
797 842 874 906 htm

254 958 377 1024 paradisi
714 964 837 1016 salvator
860 965 924 1017 dein

220 1047 530 1132 ueorxnawange[s].
575 1048 682 1114 haefde
703 1051 853 1137 nergend
872 1046 916 1116 dt

255 1169 374 1234 benigne
392 1173 548 1223 nutritionis
567 1176 708 1238 praemium
726 1175 836 1226 feminee
854 1175 1018 1241 rependerat

221 1252 342 1339 faegere
363 1253 545 1322 fdstorleian
633 1257 778 1325 faemuan
798 1260 977 1347 forgnlden

256 1380 285 1427 in
303 1395 407 1430 omnem
426 1383 603 1433 aeternitatem
639 1387 696 1432 tum
748 1400 859 1449 prorsus

222 1462 278 1527 dee
300 1463 333 1527 tt
356 1465 477 1529 ealdre.
608 1466 735 1530 Daenne
758 1468 884 1552 ealling
906 1466 983 1552 byn,

255 1590 319 1650 post
337 1586 430 1636 decem
448 1592 542 1637 noctes
561 1589 623 1638 exin
658 1589 757 1638 festum
780 1588 933 1640 celebratur

220 1668 297 1753 ymb
330 1670 389 1755 tyn
430 1672 502 1735 niht
544 1670 627 1748 daes,
671 1674 733 1737 tiid
755 1670 952 1760 geweoriiad

257 1793 451 1846 Bartholomaei
486 1797 516 1846 in
533 1797 678 1847 Britannia
704 1797 750 1847 hie

159 1891 203 1935 155.
222 1874 460 1946 Bardolomeus
482 1883 516 1945 in
538 1881 680 1967 Brytene
701 1883 778 1960 her,

273 2002 356 2054 valde
373 2005 523 2055 honoratur
626 2007 668 2054 ita
720 2008 802 2056 etiam
818 2005 875 2058 late

225 2086 315 2172 wyrd
339 2089 402 2153 wel
421 2085 565 2175 dungen.
610 2086 739 2173 Swylee
767 2095 826 2155 ede
847 2090 932 2155 wide
954 2089 1019 2175 byn

256 2212 412 2262 hominibus
432 2211 621 2262 manifestatur
638 2211 690 2260 viri
708 2212 808 2263 nobilis
827 2230 899 2264 mors

227 2297 354 2362 eorlum
400 2296 553 2383 geypped
596 2291 775 2391 aepelinges
799 2297 882 2364 dead

251 2425 316 2486 post
341 2426 458 2486 quatuor
475 2427 569 2472 noctes
589 2423 636 2487 qui
654 2421 781 2473 decenter
799 2422 864 2473 olim

224 2503 301 2589 ymb
324 2504 443 2570 sedwer
464 2507 546 2583 niht,
569 2503 645 2571 sede
666 2506 786 2592 faegere
819 2508 851 2570 iis

280 2628 354 2696 aquit
467 2630 620 2696 superfudit
672 2629 767 2696 gloriae
802 2630 906 2695 regiam
923 2629 1027 2694 prolem

226 2714 294 2779 mid
314 2723 439 2779 waetere
462 2714 642 2800 oferwearp
665 2714 809 2779 wuldres
832 2713 1026 2798 cynebearn,

262 2837 410 2902 proeliator
464 2837 546 2904 digne
622 2839 657 2888 de
693 2854 724 2889 eo
795 2842 885 2888 rector
955 2838 1024 2887 dixit

161 2936 207 2979 ¹6⁰-
224 2923 312 3008 wige
377 2920 559 2987 weordlice.
604 2921 645 2986 be
668 2923 736 2986 him
756 2922 929 2987 wealdend
952 2918 1059 2998 eumd,

260 3046 367 3096 nullum
384 3048 513 3098 maiorem
532 3048 668 3098 hominem
702 3062 752 3111 per
821 3047 913 3097 orbem

226 3126 291 3195 itaet
312 3135 377 3196 nin
399 3134 537 3197 menan
556 3155 633 3197 man
656 3131 766 3218 geoud
788 3131 1029 3219 middangeard

260 3257 331 3306 inter
351 3255 492 3307 mulierem
510 3262 538 3307 et
560 3258 649 3306 virum
676 3257 798 3320 genitum
814 3255 901 3306 fuisse

224 3339 355 3406 betwux
397 3338 472 3405 wife
516 3339 535 3430 Ἰ
560 3361 645 3404 were
666 3339 779 3404 wurde
801 3339 955 3403 teenned.

341 3468 369 3516 et
446 3463 511 3514 inde
563 3467 627 3529 post
669 3467 724 3513 tres
759 3463 854 3511 noctes
907 3475 957 3525 per
1019 3460 1145 3509 nationes
1180 3457 1281 3509 multas

315 3545 395 3615 Ond
438 3544 506 3641 lraes
549 3547 645 3632 ymbe
667 3543 747 3642 breis
780 3547 853 3611 niht
887 3544 997 3632 gedud
1039 3540 1145 3609 dedda
1184 3541 1282 3620 feala,

313 3679 425 3724 sanetus
443 3673 544 3723 mensis
563 3672 719 3723 hominibus
754 3672 902 3721 honoratus

225 3756 321 3823 taette
345 3760 402 3842 [se]
426 3754 630 3846 Haligmtnt
653 3753 814 3821 haeledmn
836 3750 1006 3850 gepinged

260 3884 369 3932 vehitur
387 3882 423 3932 ad
441 3882 572 3948 populum
590 3883 663 3932 sieut
689 3881 719 3931 id
770 3878 880 3944 providi

162 3985 205 4028 165.
224 3965 315 4033 iered
370 3967 403 4032 td
458 3965 557 4043 soloe,
580 3966 648 4032 swt
669 3966 718 4030 hit
735 3963 932 4052 foregleawe
976 4013 980 4018 -

260 4095 366 4142 veteres
385 4089 547 4155 philosophi·
559 4091 635 4155 prius
654 4090 819 4140 invenerunt

226 4179 321 4245 ealde
354 4172 498 4242 udwitan
530 4177 612 4242 arur
654 4175 792 4251 funden,

278 4307 312 4357 13
