2828 4672
514 131 799 186 GALENDOWIDE.

188 309 217 359 in
268 311 340 358 terra
383 307 428 358 hie
514 307 580 357 item
640 311 704 372 post
738 312 855 374 quatuor
871 309 1059 363 hebdomadas

83 433 86 437 -
132 407 164 453 15.
179 395 213 458 in
234 391 351 457 foldan
371 392 439 456 hdr.
485 389 612 477 Swyloe
635 391 727 457 embe
749 392 869 458 fedwer
891 417 1008 461 wuoan
1065 392 1111 479 ,’

198 516 295 568 exinde
311 515 500 582 placentarum
517 517 619 566 mensis
638 514 781 566 deseendit
797 516 832 567 ad
853 516 948 568 villam

180 597 278 698 baette
364 595 542 666 solmonat
653 597 744 687 sigeb
788 601 821 666 to
865 603 953 679 time,

216 726 313 776 demtis
332 704 439 776 duabus
475 724 600 774 noctibus
619 725 846 790 quemadmodum
864 727 894 779 id
912 732 1139 794 computaverunt
1157 727 1231 792 olim,

179 810 283 876 butan
304 810 402 874 twem
422 810 560 884 nihtum,
670 812 738 875 swt
824 813 875 877 hit
918 812 1096 901 getealdon
1138 813 1216 901 gei),

205 934 373 986 Februarius
390 934 536 984 vehemens
555 933 703 1000 prudentes
722 936 791 986 sooii

182 1018 381 1085 Februarius
425 1016 515 1094 fars
536 1018 631 1084 frdde
653 1017 794 1106 gesiilas,

210 1149 315 1194 veteres
332 1142 403 1208 legis
422 1142 503 1208 periti
539 1147 566 1193 et
601 1157 635 1192 ex
653 1159 684 1193 eo
702 1148 765 1208 post
783 1157 866 1192 unam
885 1149 994 1197 noctem

183 1228 277 1294 ealde
299 1227 459 1315 agleawe.
503 1224 581 1290 And
603 1221 671 1321 paes
695 1225 787 1291 embe
810 1227 870 1293 bne
894 1229 966 1293 niht

270 1367 320 1402 nos
356 1352 451 1402 Mariae
487 1352 599 1401 missam
651 1350 821 1401 celebramus

132 1451 166 1497 2⁰.
181 1433 246 1500 beet
265 1458 313 1502 we
335 1434 469 1501 Marian
490 1457 628 1500 maessan
649 1432 801 1512 healdaiS,

218 1563 292 1627 regis
363 1562 456 1611 matris
527 1575 590 1610 nam
661 1574 694 1611 ea
712 1560 850 1612 Christum
937 1561 1070 1612 hoodie

184 1649 340 1734 cyninges
362 1646 488 1720 moder,
511 1642 630 1740 serpen
652 1645 713 1711 heo
737 1643 826 1710 Crist
848 1668 891 1710 on
912 1640 991 1741 bem
1013 1647 1121 1734 daege,

218 1772 312 1819 natum
382 1769 496 1818 rectoris
567 1767 630 1819 tulit
682 1770 718 1819 ad
742 1769 873 1833 templum

184 1852 285 1918 bearn
305 1849 525 1929 wealdendes,
547 1851 665 1918 brohte
687 1855 720 1919 to
742 1853 873 1939 temple.

218 1981 276 2028 tum
328 1979 390 2028 exin
425 1981 489 2044 post
505 1979 626 2044 quinque
643 1983 738 2029 noetes
817 1978 963 2043 expellitur

184 2061 310 2127 Daenne
331 2057 399 2159 lsaes
422 2062 514 2128 embe
557 2061 603 2128 fif
641 2064 714 2129 niht
734 2061 797 2128 ‘tlaet
819 2061 932 2128 asered
952 2057 1019 2160 byb
1125 2048 1137 2073 ⁰

203 2187 289 2238 hiems
327 2204 341 2238 e
393 2188 463 2238 viois
553 2192 581 2239 et
615 2188 693 2239 miles
782 2188 881 2242 deiude

185 2273 300 2338 winter
322 2271 360 2336 of
378 2273 507 2347 wicum,
531 2272 595 2337 and
618 2294 653 2336 se
675 2274 807 2358 wigend
829 2269 875 2368 bt

210 2400 274 2461 post
326 2395 519 2460 septemdecim
536 2399 649 2445 mortem
675 2410 774 2460 passus
793 2400 836 2446 est

137 2496 172 2540 25.
188 2479 278 2546 aefter
300 2479 526 2565 seofentynum
548 2480 645 2565 swylt
665 2475 818 2545 brbwade

222 2605 344 2655 noctium
363 2605 482 2669 spatium
500 2602 646 2654 salvatoris
666 2604 789 2654 minister
807 2603 821 2655 l
838 2602 993 2669 discipulus
1083 2603 1085 2606 ’

187 2689 397 2775 nihtgerimes
423 2688 605 2776 nergendes
649 2687 756 2774 {legen

223 2812 354 2863 Matthias
371 2811 487 2865 illustris
507 2813 735 2880 quemadmodum
753 2813 853 2863 rescivi

189 2897 334 2964 Mathias
356 2901 462 2976 maere,
507 2900 593 2964 mine
660 2897 815 2986 gefrage,

208 3039 313 3089 exque
383 3040 430 3074 ver
500 3025 530 3073 in
550 3021 646 3072 villam
664 3022 815 3087 profestum
834 3023 876 3071 est

190 3104 257 3173 'tiaes
279 3103 320 3171 be
341 3108 472 3173 lenoten
495 3131 539 3173 on
559 3108 619 3172 trin
641 3106 774 3194 geliden
795 3103 903 3169 haefde

218 3232 373 3283 hominibus
384 3232 419 3283 ad
455 3233 531 3282 vicos
655 3231 694 3280 ita
729 3230 812 3279 etiam
831 3232 873 3278 est
906 3226 963 3279 late
981 3230 1076 3277 notum

192 3339 314 3383 werum
379 3317 412 3382 td
434 3318 560 3383 wicum.
606 3313 734 3401 Swyloe
757 3320 813 3381 ebo
836 3316 864 3380 is
887 3313 972 3378 wide
995 3308 1057 3377 oud

211 3445 275 3506 post
308 3445 364 3491 tres
401 3444 429 3491 et
446 3436 636 3506 dues(nootes)
656 3440 782 3506 gentibus
802 3454 880 3504 paene
897 3438 1000 3502 ubique

146 3539 180 3586 30.
195 3523 271 3613 ymb
294 3521 424 3618 oreo]
493 3530 558 3591 twa
622 3521 764 3588 belidum
792 3522 855 3586 wel
878 3522 1016 3608 gehwar
1113 3550 1123 3563 ⁶

231 3666 264 3700 ex
283 3665 314 3700 eo
333 3651 426 3700 venire
445 3647 582 3700 Calendas
600 3648 711 3698 rusticis
731 3651 757 3698 et
775 3646 914 3697 nobilibus

195 3737 246 3803 his
271 3755 361 3822 cyme
404 3733 528 3798 kalend
573 3733 758 3825 ceorlumj
785 3731 922 3806 eorlum,

233 3865 346 3926 excepto
366 3875 449 3925 quum
466 3859 590 3910 bisextus
610 3857 730 3908 indictus
766 3856 847 3906 fuerit

196 3944 300 4010 butan
320 3943 434 4012 baenne
456 3942 544 4009 hisee
567 3941 718 4030 geboden
739 3935 870 4035 weorbe

219 4075 316 4135 quarto
370 4085 441 4122 anno
512 4072 571 4118 tum
616 4084 656 4119 eae
709 4082 774 4117 nam
825 4066 939 4118 veniunt

199 4152 339 4221 feorban
362 4159 471 4243 getae,
493 4150 606 4220 llaenne
627 4153 663 4218 hi
684 4147 805 4248 forban
829 4147 941 4237 oymed

252 4282 268 4330 6
