2828 4672
528 143 813 200 GALENDOWIDE.

229 319 375 370 manifesta
401 323 428 370 et
463 317 602 370 evidentia
655 334 704 384 per
739 319 825 372 fllium
869 324 999 374 creatoris
1059 336 1065 351 ·

194 404 347 468 swutelra
369 403 435 468 and
456 403 598 490 gesynra
618 401 704 470 burh
728 427 812 471 sunu
834 408 1014 484 meotudes,

227 528 365 592 principes
384 528 501 579 ministri
536 527 636 578 deinde
671 544 733 578 mox
786 530 861 579 venit

130 622 174 666 1³⁰>
192 609 439 698 ealdorbegnas.
507 611 633 676 Daenne
656 613 742 676 aedre
765 610 858 699 oym'd

227 739 292 799 post
307 733 376 785 duas
394 740 489 786 noctes
508 751 591 786 exeo
610 740 761 801 opportune
780 738 866 788 nobis'

193 817 265 883 emb
288 824 353 885 twa
395 820 467 884 niht
508 816 573 885 bees
628 821 743 885 tidlioe
799 823 838 886 fis

229 941 321 993 Julius
356 944 457 993 mensis
484 944 513 992 in
550 959 602 1009 qno
638 945 759 994 Jacobus

193 1025 306 1093 Julius
328 1024 456 1104 minei,
480 1050 523 1092 on
543 1024 620 1094 bem
640 1028 790 1094 Jacobus

229 1155 293 1216 post
327 1155 444 1216 quatuor
461 1157 556 1203 noctes
575 1154 694 1202 animam
712 1152 832 1202 reddidit

97 1280 99 1285 -
194 1234 270 1320 ymb
314 1233 434 1300 fedwer
477 1236 549 1299 niht
570 1234 666 1299 feorh
690 1236 844 1322 gesealde

233 1363 260 1408 et
346 1360 445 1424 viginti
524 1358 616 1409 firmus
643 1361 672 1408 in
725 1362 834 1423 pectore

196 1443 284 1527 on[d}
307 1446 509 1531 twentigum,
532 1453 621 1508 trum
642 1446 678 1507 in
699 1442 877 1519 bredstum,

212 1568 331 1632 prudens
351 1573 378 1618 et
395 1569 509 1620 oonsilio
529 1574 659 1619 constans
676 1566 839 1633 populorum
857 1567 988 1631 magister

133 1664 177 1708 135.
195 1650 270 1715 frod
314 1652 379 1715 and
421 1650 562 1717 faestrsd
692 1648 782 1714 foloa
824 1650 956 1725 ltredw,

215 1775 342 1825 Zebedaei
376 1773 449 1824 filius
530 1777 558 1824 et
576 1773 673 1824 exinde
692 1788 798 1837 semper
816 1771 940 1837 graditur

195 1857 341 1923 Zebedes
368 1858 464 1922 asera.
511 1855 589 1923 And
611 1852 679 1952 bees
702 1857 805 1942 symle
839 1853 926 1922 scrib

227 1988 291 2048 post
317 1988 423 2048 septem
440 1986 535 2033 noctes
555 1999 588 2034 ex
607 1999 638 2033 eo
658 1981 798 2046 eleganter
832 1980 977 2031 decoratus

196 2067 272 2152 ymb
307 2065 422 2132 seofon
443 2068 515 2130 niht
556 2063 622 2132 'baes
657 2068 793 2132 smieere
816 2063 992 2154 gebrihted

232 2192 399 2242 zizaniorum
417 2193 518 2242 mensis
538 2193 568 2240 in
585 2192 680 2242 villam
697 2193 767 2242 bene
803 2206 836 2242 en
889 2188 1004 2240 adducit

198 2274 426 2342 Weodmonae
516 2298 558 2339 on
580 2276 655 2352 tim3
678 2277 740 2341 wel
761 2277 854 2340 hwaet
874 2273 1012 2361 bringeb

240 2400 380 2465 Augustus
399 2401 506 2465 magnis
525 2399 683 2449 nationibus

198 2483 348 2571 Agnstus
392 2480 648 2568 yrmen‘tetdum

215 2610 294 2675 panis
313 2610 404 2658 missae
424 2608 496 2658 diem
566 2608 607 2656 sio
635 2621 718 2658 exeo
738 2608 883 2655 autumnus
910 2606 987 2654 venit

134 2707 178 2750 1-10.
196 2693 404 2759 hlefmaessan
428 2693 510 2780 daeg.
543 2690 619 2757 Swe
640 2685 709 2784 bees
731 2688 865 2754 haerfest
889 2686 995 2773 symb,

215 2823 279 2883 post
297 2817 366 2868 alias
377 2813 504 2883 (septem)
516 2818 597 2867 etiam
617 2811 731 2880 exeeptis
760 2811 817 2862 uni
843 2811 987 2863 deficiente

198 2901 292 2987 ymbe
343 2897 421 2966 <ider
487 2901 605 2985 snye,
628 2899 731 2965 butan
754 2902 832 2964 anre
855 2920 982 2973 wanan,

235 3026 350 3077 decorus
368 3025 501 3076 fructibus
538 3030 667 3075 oneratus
739 3023 827 3087 eopiae
862 3021 1044 3071 ostenduntur

199 3111 305 3195 wlitig
326 3116 504 3173 waestmum
525 3109 656 3172 bladen.
701 3107 785 3172 wele
805 3101 871 3190 by‘t
895 3103 1031 3190 geywed

236 3233 351 3299 pulchra
369 3234 398 3282 in
433 3237 506 3282 terra
610 3230 708 3282 deinde
780 3230 849 3280 obiit

199 3318 319 3405 faegere
343 3340 385 3382 on
405 3317 530 3382 foldan.
575 3316 703 3382 Daenne
724 3311 909 3402 forbgewdt

216 3448 280 3508 post
322 3447 377 3493 tres
405 3447 499 3492 noetes
518 3457 551 3492 ex
570 3457 601 3492 eo
620 3441 795 3507 gubernatori
812 3438 901 3489 fidelis

201 3526 297 3612 ymbe
319 3521 399 3620 preb
421 3526 494 3589 niht
537 3525 602 3588 baes
636 3519 764 3618 bebdne
788 3520 931 3609 getrywe

219 3667 269 3716 per
322 3650 481 3713 martyrium
524 3646 615 3697 elarus
634 3645 767 3695 diaeonus

140 3750 183 3796 1¹15.
200 3733 286 3801 burh
308 3732 509 3818 martyrddm
531 3733 624 3795 mare
647 3731 764 3795 diacon

234 3859 399 3909 Laurentius
462 3855 545 3906 habet
562 3869 635 3903 nune
652 3855 739 3904 vitam
757 3869 845 3919 usque

203 3943 410 4008 Laurentius.
454 3935 543 4005 hert
565 3940 610 4002 nii
642 3938 687 4002 lif
717 3935 779 4003 wit
802 3933 871 4032 ban

242 4083 304 4116 eum
323 4067 418 4132 gloriae
444 4070 521 4131 patre
556 4079 667 4130 operum
703 4065 731 4113 in
749 4063 890 4128 praemium

207 4151 276 4215 mid
298 4150 528 4216 wuidorfaeder
549 4171 678 4216 weorea
701 4148 732 4212 to
755 4148 858 4214 letne.

260 4277 292 4326 12
