2828 4672
529 123 814 187 cALRNDowmu.

230 297 341 348 floribus
411 299 507 351 florent
577 299 641 352 dein
675 301 807 368 gandium
825 306 951 358 aseendit
1034 308 1036 315 '

194 379 371 448 blbstmum
392 381 538 462 blowao3
563 386 682 471 swyloe
713 384 785 453 blie
823 388 931 456 astihb

230 522 279 572 per
417 508 509 559 orbem
572 509 724 561 ,multorum
743 511 885 567 ¹ordinum

196 592 305 678 geond
325 592 564 680 middangeard
583 596 736 682 manigra
778 597 868 664 hade

221 718 371 768 viventium
390 733 518 784 generum
553 718 612 783 rogi
645 717 755 770 leudem
773 721 870 774 dieunt

195 805 331 868 owioera
353 824 468 887 cynna,
491 803 630 888 cyninge
651 803 705 867 los
734 802 853 893 seegab

248 926 395 976 multifarie
472 924 574 975 olerum
610 925 748 979 celebrant

196 1008 457 1085 maenffeudlice,
480 1011 597 1074 marne
618 1009 754 1077 bremab

232 1137 444 1201 omnipotentem
471 1149 554 1184 exeo
581 1138 647 1199 post
690 1139 750 1186 ooto
787 1141 813 1187 et
830 1154 928 1190 novem

149 1237 180 1282 95.
196 1222 403 1306 aelmihtigne.
470 1218 550 1283 Daes
573 1218 644 1283 emb
669 1220 764 1285 eahta
784 1222 804 1313 j
829 1223 932 1308 nigon

231 1346 334 1396 dierum
353 1344 471 1410 spatium
507 1342 632 1393 dominus
669 1345 781 1395 sustulit

197 1431 320 1518 dbgera
341 1431 439 1494 rimes
461 1426 522 1523 'pte
545 1428 676 1493 drihten
697 1450 773 1494 nam

222 1556 252 1604 in
270 1552 382 1604 alteram
401 1550 490 1602 lucem
507 1551 693 1617 Augustinum
784 1532 792 1585 ἕ

195 1639 229 1702 in
273 1635 350 1702 bber
392 1635 484 1701 leoht
505 1633 724 1722 Augustinus,

222 1760 336 1810 hilarem
354 1760 383 1808 in
418 1761 527 1823 pectore
606 1773 637 1807 eo
666 1758 738 1823 quod
764 1760 789 1809 ie
815 1759 845 1808 in
863 1759 1007 1810 Britannia
1034 1759 1079 1810 hie

194 1842 307 1911 blihne
330 1867 374 1908 on
394 1841 570 1931 bremium,
592 1840 657 1908 oaes
679 1838 785 1937 hehe
807 1866 850 1907 on
871 1843 1013 1929 Brytene
1034 1844 1095 1910 her

233 1969 345 2020 devotos
382 1967 435 2018 sibi
469 1967 543 2017 viros
584 1967 731 2031 reperisset

197 2050 351 2121 eaomode
373 2052 441 2116 him
463 2051 571 2116 eorlas
616 2051 717 2118 funde
811 2111 814 2118 ,

248 2179 303 2230 Dei
363 2175 499 2227 voluntati
518 2177 590 2226 siout
616 2177 671 2242 ipsi
723 2174 842 2242 prudens
879 2181 1048 2242 praeceperat

131 2278 174 2324 1oo.
192 2264 225 2329 tt
248 2263 352 2352 godes
374 2262 498 2336 willan,
522 2264 588 2326 ewa
610 2263 680 2326 him
702 2282 736 2325 se
760 2261 887 2348 gleawa
907 2259 1035 2327 bebeod

232 2387 379 2453 Gregorius
415 2401 470 2435 non
522 2383 617 2459 aulivi
685 2383 824 2433 hominum
877 2383 1092 2436 admonitionem

197 2468 389 2557 Gregorius.
427 2490 474 2532 ne
496 2457 599 2552 hyrde
621 2469 652 2532 io
675 2490 872 2554 gummanna
933 2492 1025 2555 wyrn

226 2593 312 2644 ullum
348 2595 429 2642 antea
447 2605 568 2655 unquam
586 2590 714 2641 attulisse

195 2679 320 2766 aenigne
364 2679 408 2740 br
451 2674 527 2739 afro
550 2674 715 2762 ,bringan

231 2780 418 2868 superltrans
438 2799 542 2850 salsum
560 2814 634 2851 mare
652 2800 791 2851 meliorem
809 2800 960 2851 doctrinam

195 2889 265 2954 ofer
374 2887 498 2951 eealtne
542 2906 630 2950 mere
676 2880 787 2950 solran
830 2885 901 2950 ltro

220 3013 378 3076 episcopum
396 3010 571 3060 celebriorem
589 3025 662 3059 nuno
680 3011 709 3058 in
727 3010 870 3059 Britannia
888 3010 1037 3075 requiescit

195 3093 328 3179 bisceop
384 3091 560 3157 bremran.¹
591 3095 636 3156 nb
659 3115 702 3156 on
722 3092 882 3177 Brytene‘
908 3102 977 3157 rest

231 3217 305 3282 apud
323 3215 486 3266 Cantuarios
506 3212 557 3281 (in)
576 3214 643 3265 urbe
660 3217 738 3281 regia
756 3216 834 3266 iuxta

132 3318 177 3362 105.
194 3324 237 3368 on
261 3298 470 3367 Oantwarum
515 3300 678 3385 eynestble
722 3302 807 3368 nean

229 3427 426 3477 monasterium
443 3423 547 3476 elarum
617 3431 675 3477 tum
746 3428 848 3477 mensis
885 3425 962 3478 ducit

195 3519 339 3596 mynetre
392 3511 532 3573 marum.
556 3509 705 3581 'Daenno
726 3507 843 3574 minnah
865 3505 986 3598 bringb

231 3639 295 3700 poet
314 3632 382 3684 duos
401 3637 428 3685 et
460 3637 517 3682 tres
555 3630 613 3681 dies
632 3630 730 3696 longos
792 3659 793 3664 =

196 3717 271 3804 ymb
295 3721 359 3783 twa
378 3717 398 3808 Ἰ
415 3713 501 3807 ⁴'oreb
524 3716 607 3781 tiida
628 3716 728 3802 lange

224 3844 297 3908 prior
315 3843 398 3893 Litha
414 3841 494 3890 nobis
514 3839 548 3890 ad
566 3839 661 3889 villam

197 3930 277 3993 arra
310 3924 395 3992 Liba
449 3925 488 3988 ius
521 3924 553 3988 tt
588 3927 665 3987 time

231 4050 344 4100 Junium
362 4050 391 4099 in
418 4049 526 4099 domum
561 4049 590 4096 in
627 4064 680 4112 quo
699 4059 807 4112 gemma
824 4043 836 4095 l
855 4044 896 4095 sol
915 4046 1040 4096 aseendit

198 4132 319 4200 Juniue
344 4156 385 4200 on
409 4130 523 4221 geardss
547 4156 590 4197 on
610 4129 687 4199 'bam
753 4132 822 4220 gim
884 4129 990 4198 bettho

249 4259 282 4310 10
