2828 4672
518 156 804 214 csLnNDcwmn.

217 350 250 386 ex
268 348 321 400 quo
340 334 442 384 mensis
459 331 601 398 paschalis
619 330 655 382 ad
672 347 723 382 nos
741 332 818 382 venit

114 446 117 450 ·
145 412 146 415 ¹
180 415 246 484 daes
273 413 316 514 pe
350 413 573 485 eastermdnad
617 416 651 483 tt
674 416 713 480 iis
736 411 848 500 oymeli

215 542 339 593 homines
373 541 506 608 reliquias
558 539 651 593 levans
685 540 821 604 inoipiunt

180 623 244 692 taet
264 648 342 692 man
361 627 520 711 reliquias
542 628 648 690 aaran
671 618 848 711 onginned,

215 753 372 802 sanatorum
390 753 550 801 ornamenta
566 751 611 800 hio
630 752 673 800 est
699 746 840 799 sollemnis
859 745 918 796 dies

180 834 334 921 halig[r]a
356 835 519 922 gehyrste.
562 834 590 930 ᾗ
624 834 652 898 is
696 832 803 898 healio
827 831 911 917 daeg,

206 959 394 1024 precationum
410 956 510 1008 festum
527 954 634 1008 oelebre
652 955 716 1007 dein
733 955 746 1006 l
763 957 829 1006 item
846 955 875 1005 in
894 951 1024 1019 oppidum
1042 951 1096 1003 oito

131 1055 163 1100 75Ι
177 1040 305 1109 bentii
476 1041 601 1106 bremu.
656 1039 776 1106 Swiloe
819 1041 854 1104 in
873 1037 962 1104 burh
982 1033 1061 1103 rade

443 1164 554 1230 elegans
590 1165 619 1214 in
637 1165 808 1216 vestimentis

180 1250 198 1286 ‘⁸'
243 1250 260 1284 *
305 1249 322 1284 *
368 1250 385 1285 *
429 1251 564 1314 smicere
588 1271 631 1314 on
653 1270 809 1335 gearvum

213 1372 297 1438 lignis
333 1378 362 1425 et
394 1373 485 1424 herbis
546 1373 622 1423 venit
655 1378 789 1457 venustus
835 1372 915 1439 gradi

180 1457 353 1549 wudumfl
378 1467 516 1543 wyrtum
540 1453 651 1542 cymed
673 1457 781 1543 wlitig
802 1454 934 1522 soridan

199 1581 343 1646 magnifiee
360 1583 390 1630 in
409 1580 503 1631 villam
521 1581 616 1644 copias
670 1579 748 1630 affert

178 1661 336 1750 trymlioe
359 1687 402 1729 on
423 1665 492 1739 tim,
514 1661 627 1730 tense
649 1660 787 1750 bringed

210 1789 300 1839 Maius
327 1802 441 1854 magnas
476 1803 526 1854 per
559 1786 763 1838 multitudinem
785 1788 888 1853 ubique

180 1870 292 1938 Maius
322 1874 420 1938 miole
455 1871 565 1960 geond
585 1873 735 1960 menigeo
758 1873 904 1958 gehwtor.

197 1997 238 2046 ita
272 1994 367 2047 eodem
473 1995 518 2046 die
570 1995 678 2045 nobiles
715 1997 784 2045 sooii

132 2091 164 2137 80·
178 2077 253 2167 Swd
274 2075 312 2173 pi
332 2080 430 2164 yloan
452 2079 544 2166 daege
568 2074 669 2173 aepele
692 2077 830 2165 gaseran

219 2202 364 2268 Philippus
384 2207 411 2252 et
428 2203 549 2253 ,Iacobus
569 2203 687 2252 animam
704 2200 883 2252 reddiderunt

182 2285 361 2373 Philippus
383 2287 402 2378 Ἰ
428 2285 535 2352 Jacob
569 2285 665 2352 feonh
698 2286 831 2373 agidam,

218 2412 335 2462 animosi
354 2411 467 2476 cognati
483 2410 583 2460 milites
602 2426 651 2476 pro
722 2411 777 2461 Dei
869 2422 960 2459 amore

182 2494 313 2583 mddige
335 2488 573 2588 magopegnas,
595 2493 650 2558 for
672 2495 839 2560 meotudes
861 2493 965 2559 tufan.

208 2623 235 2670 et
253 2618 349 2669 exinde
381 2622 445 2684 post
472 2617 541 2668 duas
560 2623 655 2669 noctes
692 2619 812 2671 ostendit
847 2621 936 2670 Deus

180 2700 259 2767 And
280 2698 348 2796 pass
372 2699 462 2767 embe
482 2707 547 2768 twa
568 2705 640 2768 niht
661 2704 723 2800 pte
744 2704 840 2768 sohte
863 2703 932 2790 god

215 2825 330 2877 Helenae
364 2828 452 2877 beatae
469 2826 669 2878 nobilissimam
688 2831 814 2880 arborum

180 2909 310 2975 Elenan
331 2911 463 2996 etdigre
498 2906 638 3005 apolust
680 2911 806 2989 beama,

217 3035 247 3084 iu
265 3049 321 3099 qua
338 3047 437 3099 passus
456 3038 499 3084 est
516 3035 681 3100 gubernator
698 3035 858 3102 angelorum

133 3130 165 3177 85.
180 3140 223 3182 on
243 3115 320 3184 itm
341 3115 497 3184 drdwads
537 3116 665 3186 oetden
709 3120 807 3207 angla

217 3256 266 3306 pro
285 3241 423 3293 hominum
442 3257 532 3294 amore
551 3249 658 3294 creator
692 3246 722 3294 in
757 3244 883 3309 patibulo

180 3325 233 3390 for
255 3348 374 3391 manna
395 3325 502 3401 lusan,
525 3328 659 3392 meotud
681 3350 725 3392 on
748 3329 885 3414 galgan,

217 3463 250 3498 ex
267 3449 354 3514 patris
372 3449 509 3514 permissu
544 3464 624 3514 porro
660 3454 724 3515 post
742 3451 862 3515 spatium
880 3449 1042 3515 septimanae

179 3531 221 3598 be
243 3531 346 3599 faeder
366 3533 460 3600 letio.
505 3531 633 3618 Swyloe
655 3533 731 3620 ymb
754 3533 838 3619 iyrst
880 3555 1006 3610 wuoun,

197 3655 255 3706 und
290 3655 381 3708 demta
398 3663 479 3709 noete
514 3659 670 3709 hominibus
729 3658 843 3709 adducit

180 3738 282 3806 butan
304 3746 381 3807 anre
403 3743 485 3818 niht,
508 3742 570 3838 pte
591 3743 707 3828 yldum
728 3739 849 3829 bringli

216 3864 275 3914 sole
292 3864 466 3931 splendentes
486 3867 544 3917 dies
563 3872 645 3918 aestas
690 3867 726 3918 ad
743 3867 838 3917 villam

181 3946 401 4033 sigelbeorhte
424 3951 528 4037 dagas
553 3973 664 4017 sumor
686 3953 719 4017 to
742 3953 829 4028 tune,

216 4070 322 4121 calidas
341 4075 517 4136 tempestates
604 4080 662 4125 tum
732 4077 822 4141 campi
893 4076 948 4125 oito

133 4169 165 4214 90-
180 4177 317 4222 wearme
339 4157 523 4243 gewyderu.
567 4157 681 4226 danne
704 4180 837 4247 wangas
859 4155 961 4225 hrode

233 4279 250 4329 9
