2828 4672
534 152 819 212 cmsnncwmn.

232 328 390 395 September
422 327 566 381 vehemens
601 335 629 382 et
716 333 829 397 septimo
933 333 978 385 die

197 411 405 501 Septembres
448 413 514 479 fier.
565 412 646 480 And
667 409 712 508 by
736 408 896 510 seofoban
918 418 993 505 daeg

232 555 266 589 ex
283 555 315 590 eo
333 543 399 588 nata
414 592 426 607 α
483 543 542 589 erat
593 538 736 589 mulierum
754 540 857 606 optima

197 620 260 687 beet
292 622 438 688 hcenned
458 617 566 688 weard
600 622 710 688 owena
743 624 864 701 εὸΙοετ,4

233 747 335 798 domini
388 752 474 798 mater
561 750 636 821 ,tum
689 748 794 799 dierum
829 765 970 802 numerum

199 831 345 897 drihtnes
367 832 491 897 mddor.
535 830 663 897 Daenne
686 832 816 920 dagena
859 857 950 900 worn

232 961 295 1021 post
328 955 458 1006 tredecim
492 955 616 1007 minister
632 957 784 1022 intrepidus
812 959 973 1010 lhonestus

135 1055 179 1100 170.
195 1039 290 1125 ymbe
332 1035 489 1123 brebtyne
543 1035 632 1126 degn
686 1039 861 1120 usserunt,

251 1162 388 1229 evangelii
422 1163 526 1228 peritus
563 1164 688 1228 spiritum
706 1167 797 1216 emisit

201 1247 392 1335 gddspelles
414 1247 531 1333 gleaw,
566 1251 641 1333 gast
675 1248 817 1313 onsendc

231 1372 378 1422 Matthaeus
398 1387 477 1422 suum
495 1371 531 1421 ad
576 1373 725 1422 creatorem

197 1453 352 1521 Matheus
373 1457 424 1520 his
457 1455 490 1519 to
519 1455 751 1520 metodsceafte

234 1581 263 1631 in
281 1584 413 1632 aeternum
431 1579 563 1647 gaudium
596 1584 655 1631 tum
718 1595 831 1645 prorsus
865 1580 942 1632 venit

197 1666 233 1729 in
276 1664 355 1730 eene
399 1663 525 1751 gefeten.
570 1662 696 1728 Daenne
719 1664 844 1750 calling
866 1661 971 1750 cymh,

236 1793 300 1853 post
333 1792 389 1838 tres
407 1791 503 1838 noctes
521 1786 585 1836 inde
637 1787 765 1852 gentibus
792 1787 848 1838 late

197 1871 273 1958 ymb
296 1868 375 1937 bref)
409 1872 481 1936 niht
511 1870 589 1947 bees,
622 1870 765 1935 beddum
784 1870 869 1936 wide

234 1995 392 2062 aequinoctii
409 1993 468 2044 dies
486 1992 625 2045 hominum
660 1993 725 2044 filiis

132 2095 178 2140 175.
197 2081 353 2145 emnihtes
378 2078 462 2165 daeg,
505 2077 587 2164 ylda
629 2077 796 2144 bearnum.

233 2221 266 2256 en
354 2204 522 2256 celebramus
599 2202 656 2254 late
725 2220 774 2269 per
824 2207 924 2254 terram

197 2288 315 2366 Hwaet,
338 2310 386 2355 we
408 2285 570 2354 weorbiab
593 2287 677 2353 wide
701 2289 811 2375 geond
832 2287 953 2353 corban

232 2413 391 2480 archangeli
409 2414 508 2465 festum
525 2413 555 2462 in
572 2415 702 2462 autumno

196 2499 396 2584 hethengles
429 2498 490 2562 tiid
507 2519 556 2561 on
579 2495 728 2560 haerfeste

232 2621 375 2672 Michaelis
429 2621 502 2672 sicut
519 2619 549 2671 id
565 2618 710 2670 multitudo
730 2618 782 2668 scit

196 2704 414 2782 Michaheles,
439 2709 506 2770 sut
526 2703 555 2799 ³9
577 2705 707 2790 menige
728 2706 804 2778 wat,

232 2832 352 2898 quinque
369 2829 496 2880 noctibus
514 2826 627 2880 ulterius
664 2841 745 2894 quam
793 2824 902 2891 populis

194 2914 241 2980 hs
334 2915 462 2980 nihtum
505 2912 580 2978 ufor
623 2909 691 2977 haee
711 2909 753 2976 'be
774 2909 899 2975 solcum
921 2907 986 2995 byn

230 3040 385 3090 hominibus
404 3037 595 3088 manifestatur
611 3036 769 3102 aequincetii
788 3034 846 3085 dies

131 3125 320 3190 sueonum
418 3120 553 3208 geywed
597 3119 754 3184 emnihtes
777 3118 860 3205 dag.
884 3140 887 3147 ·

317 3250 345 3296 et
397 3245 460 3295 exin
511 3246 576 3308 post
609 3242 678 3294 duas
697 3248 791 3295 noctes
898 3240 1020 3294 decimus
1073 3241 1175 3293 mensis

281 3328 361 3396 And
392 3325 461 3424 bees
495 3327 586 3393 embe
607 3331 672 3394 twa
704 3329 777 3394 niht
806 3319 871 3394 itaet
893 3350 928 3394 se
949 3324 1045 3394 tebba
1065 3324 1162 3394 minii

231 3455 267 3506 ad
297 3454 429 3521 populum
446 3454 555 3504 vehitur
572 3452 700 3518 prudenti
735 3452 850 3503 consilio

197 3561 239 3606 on
284 3538 354 3603 folo
440 3534 530 3602 hereb
579 3537 682 3611 finde
698 3530 859 3629 gebeahte

234 3663 352 3716 October
386 3662 416 3710 in
433 3658 528 3710 villam
545 3659 626 3710 nobis
644 3659 680 3709 ad
698 3658 894 3709 abundantiam

197 3744 344 3815 October
366 3767 408 3811 on
441 3745 511 3820 tim,
555 3743 593 3808 hs
637 3743 670 3808 tt
716 3743 859 3831 genihte,

233 3871 330 3922 hiemis
348 3866 529 3935 plenilunium
548 3867 776 3933 quemadmodum
793 3869 884 3934 ipsum
917 3862 974 3918 late
1009 3866 1150 3933 appellant

195 3950 443 4041 Winterfyllet,
533 3958 599 4019 swa
718 3954 794 4019 hine
815 3952 900 4018 wide
938 3950 1057 4041 eiglalil

223 4080 345 4132 insulani
397 4076 481 4145 Angli
515 4080 543 4128 et
561 4077 682 4129 Saxones

130 4181 176 4230 185.
192 4165 358 4258 igbirende
380 4162 489 4254 Engle
511 4163 531 4256 ff
556 4161 672 4244 Seaxe,

248 4292 283 4347 14
