2828 4672
519 111 803 166 GALENDOWIDE.

213 301 262 351 per
381 286 473 338 orbem
613 290 671 337 erat
688 287 739 338 hoo
758 286 861 339 clarum
878 289 992 342 verbum
1010 288 1163 360 (tarentus)

179 371 289 457 geond
309 371 554 459 middangeard.
599 370 722 468 waeo³p
752 374 849 438 maere
882 375 974 458 wyrd

213 493 324 560 populis
359 499 454 546 notum
559 497 624 546 item
668 499 732 561 post
766 492 884 561 quatuor
919 503 948 549 et
973 504 1028 559 tres
1048 498 1166 569 (noctes)

178 576 304 643 solcum
325 578 475 667 gefroge.
520 576 648 665 Swylce
671 577 743 644 emb
766 579 886 646 fedwer
920 583 986 650 and
1018 579 1098 681 lare&

214 704 335 768 computi
352 705 473 754 noctium
492 703 554 754 exin
581 701 703 753 salvator
728 704 812 754 mittit

130 798 163 845 55.
177 787 390 873 nihtgorimee
454 786 515 884 date¹
559 787 708 875 nergend
731 798 803 853 sent

213 910 334 976 Aprilem
351 926 473 962 mensem
524 911 554 959 in
589 926 642 977 quo
661 913 814 977 eoepissime
831 915 909 964 venit

179 992 315 1081 Aprclio
337 992 464 1060 monci.
510 1017 553 1059 on
574 988 653 1090 laam
675 995 778 1062 oftuet
801 995 895 1083 oymd

216 1117 321 1168 clarum
337 1117 437 1167 festum
455 1118 609 1169 hominibus
627 1120 656 1168 in
675 1119 805 1170 solatium

182 1201 236 1267 sed
258 1204 351 1266 mirre
373 1202 435 1266 tiid
456 1224 612 1267 mannum
634 1203 666 1268 td
689 1203 804 1279 frdfre,

216 1325 320 1375 domini
337 1328 498 1378 resurrectio
516 1331 583 1377 tunc
617 1327 733 1377 iubilnm
769 1326 848 1378 decet

181 1410 328 1476 drihtnes
350 1413 443 1476 arist.
487 1410 601 1477 daenne
625 1411 736 1477 dream
760 1414 863 1500 gerist

216 1535 321 1599 passim
386 1536 509 1602 ·nbique
545 1537 619 1586 sicut
652 1536 786 1602 propheta
821 1537 921 1587 cecinit

182 1618 246 1682 wel
268 1618 351 1684 wide
373 1620 521 1706 gehwar,
544 1623 611 1686 swa
634 1642 669 1686 ee
690 1623 810 1713 witega
832 1643 932 1708 sang:

216 1741 262 1790 hic
297 1747 340 1793 est
375 1743 432 1794 dica
520 1759 601 1808 quem
620 1743 745 1794 dominus
764 1745 844 1795 nobis

135 1837 167 1882 6⁰.
186 1825 267 1908 „Dis
290 1828 316 1891 is
340 1827 482 1914 sedaeg,
503 1825 594 1893 daenc
617 1828 747 1893 drihten
769 1829 810 1892 ds

220 1952 330 2015 sapiens
366 1953 432 2003 fecit
466 1952 606 2002 hominum
624 1950 846 2018 generationibus

185 2034 318 2100 wisfaest
339 2037 465 2101 worhtc
486 2058 573 2102 wera
600 2036 810 2111 cncdrissum,

222 2160 347 2210 omnibus
366 2160 501 2212 terricolis
588 2161 677 2211 beatis
732 2158 767 2209 ad
785 2157 921 2232 gaudium!

186 2243 311 2308 callum
333 2241 537 2336 cordwarnm
559 2246 713 2332 etdigum
734 2244 767 2308 to
789 2243 924 2308 blisse“.
967 2296 968 2301 1

308 2383 363 2417 non
380 2383 528 2433 possumus
547 2369 598 2418 hoc
620 2368 721 2418 festum
739 2383 754 2416 e
773 2370 899 2430 computo
918 2366 1064 2416 observare

273 2449 323 2515 Ne
344 2474 466 2538 magon
488 2474 536 2518 we
557 2450 601 2517 'dt
623 2453 689 2516 tide
711 2449 753 2514 be
777 2450 886 2536 getale
908 2449 1051 2515 hcaidan

222 2575 325 2625 diorum
343 2577 448 2626 numeri
474 2592 525 2627 nec
544 2575 646 2626 domini
664 2577 855 2627 ascensionem

187 2659 316 2746 dagena
337 2662 446 2735 rimes,
469 2659 511 2724 nd
534 2659 681 2724 drihtnes
705 2663 790 2746 stige

205 2785 235 2833 in
288 2784 380 2836 coelos
408 2800 516 2835 sursum
535 2785 664 2857 quoniam
684 2799 717 2834 ea
735 2784 906 2834 alternantur
926 2797 1032 2848 semper
1066 2761 1068 2765 Ι

137 2881 169 2928 65.
185 2891 229 2933 on
249 2869 408 2934 heofonao
431 2892 488 2955 up,
533 2863 656 2964 forban
678 2869 714 2934 hi
736 2864 901 2934 hwearfa'd
948 2871 988 2934 aa

224 2995 380 3058 sapientum
397 2993 515 3045 decretis
586 2992 635 3044 sed
774 2993 853 3042 annio
906 2990 1003 3041 doctus

186 3078 285 3142 wisra
328 3078 535 3162 gewyrdum3
559 3099 597 3142 ac
620 3076 709 3141 soeal
731 3077 883 3141 wintrum
904 3072 982 3140 frod

213 3199 243 3249 in
278 3199 380 3248 circulo
450 3204 508 3250 arte
541 3200 666 3251 inveniet

189 3306 232 3348 on
254 3283 376 3349 circulo
421 3283 530 3350 oraefte
552 3284 665 3351 findan

223 3395 334 3458 sanctos
371 3408 429 3459 dics
499 3410 629 3461 debemus
717 3414 810 3460 tamon
863 3409 954 3460 adhuc

127 3541 133 3552 .
188 3492 300 3580 helige
323 3491 436 3579 dagos.
481 3493 607 3561 Soulan
629 3515 677 3559 we
699 3488 858 3557 hwaetere
888 3499 948 3576 gyt

223 3619 373 3681 martyrum
390 3618 547 3668 memoriam
566 3617 690 3684 pluribus
711 3631 847 3682 exponere

190 3703 326 3767 martira
384 3700 527 3789 gemynd
569 3702 623 3765 ma
668 3706 817 3776 treocan,

226 3841 353 3880 enarrare
386 3825 477 3878 vorbis
496 3830 627 3891 protenus
646 3826 765 3876 carmine
783 3839 880 3876 cancre

141 3924 174 3971 7⁰-
188 3933 317 3978 wreoan
345 3912 495 3978 wordum
516 3911 602 3989 ford,
653 3913 731 3977 wiso
755 3913 926 3998 geeingon,

229 4035 303 4105 quod
320 4042 384 4103 post
417 4036 606 4089 novemdecim
623 4041 718 4088 noctes
738 4034 777 4100 (et
791 4034 850 4102 sex)

192 4120 255 4188 taet
278 4120 372 4187 embc
394 4120 595 4210 nihgontync
747 4119 820 4184 niht
870 4118 887 4153 *
932 4118 949 4154 ‘⁸‘
1007 4170 1015 4179 .

247 4247 263 4298 8
